timestamp,price,volume
2024-01-01 09:00:00,100.78148416176523,76
2024-01-01 09:00:05,100.31744343969922,82
2024-01-01 09:00:10,100.72982074012248,10
2024-01-01 09:00:15,100.54075880401778,60
2024-01-01 09:00:20,100.28453355665185,5
2024-01-01 09:00:25,101.10856660621964,38
2024-01-01 09:00:30,101.77609610575172,4
2024-01-01 09:00:35,100.99772023710634,63
2024-01-01 09:00:40,101.84672048522208,93
2024-01-01 09:00:45,101.66737798741264,50
2024-01-01 09:00:50,100.69585448136854,66
2024-01-01 09:00:55,101.02291662345056,62
2024-01-01 09:01:00,100.8890027088495,31
2024-01-01 09:01:05,101.37621159874539,46
2024-01-01 09:01:10,101.1079988218059,76
2024-01-01 09:01:15,100.33086926522157,28
2024-01-01 09:01:20,99.4420680524031,75
2024-01-01 09:01:25,99.34189568347792,77
2024-01-01 09:01:30,98.75522988827791,2
2024-01-01 09:01:35,99.56987233705689,1
2024-01-01 09:01:40,100.06546708026451,40
2024-01-01 09:01:45,99.63182622636704,69
2024-01-01 09:01:50,99.11869407355341,4
2024-01-01 09:01:55,99.80136968453145,79
2024-01-01 09:02:00,100.10527430162493,55
2024-01-01 09:02:05,99.4645158856933,20
2024-01-01 09:02:10,99.09966206329074,76
2024-01-01 09:02:15,98.92890696767356,82
2024-01-01 09:02:20,99.37479481874959,33
2024-01-01 09:02:25,99.34671777043259,88
2024-01-01 09:02:30,99.81009616812135,94
2024-01-01 09:02:35,98.82661671420507,83
2024-01-01 09:02:40,98.81816090830509,1
2024-01-01 09:02:45,97.85514428074566,30
2024-01-01 09:02:50,96.94370617803588,93
2024-01-01 09:02:55,97.28615589672246,49
2024-01-01 09:03:00,98.05484938739662,67
2024-01-01 09:03:05,98.38842514570975,88
2024-01-01 09:03:10,98.05227854273537,69
2024-01-01 09:03:15,98.73545557271271,5
2024-01-01 09:03:20,99.64387678594795,39
2024-01-01 09:03:25,100.10752327006438,70
2024-01-01 09:03:30,99.27061980542014,85
2024-01-01 09:03:35,99.18337497724575,42
2024-01-01 09:03:40,98.39516004197182,33
2024-01-01 09:03:45,98.89393187241576,49
2024-01-01 09:03:50,99.62099559795232,28
2024-01-01 09:03:55,100.34431510924006,93
2024-01-01 09:04:00,99.35335609192474,98
2024-01-01 09:04:05,99.15879099459066,67
2024-01-01 09:04:10,98.51260443078493,26
2024-01-01 09:04:15,99.10731433289585,56
2024-01-01 09:04:20,98.44596073563956,33
2024-01-01 09:04:25,98.7947898480355,28
2024-01-01 09:04:30,98.17267997957309,26
2024-01-01 09:04:35,98.95080027101892,29
2024-01-01 09:04:40,99.04161424874874,28
2024-01-01 09:04:45,98.81468149053488,77
2024-01-01 09:04:50,99.30535491260407,47
2024-01-01 09:04:55,98.73287121701814,28
2024-01-01 09:05:00,99.45678533187345,23
2024-01-01 09:05:05,99.21814017750181,46
2024-01-01 09:05:10,98.84418173462997,8
2024-01-01 09:05:15,98.56565946724913,78
2024-01-01 09:05:20,98.3545720751685,91
2024-01-01 09:05:25,98.87017424673802,21
2024-01-01 09:05:30,98.30238183474113,60
2024-01-01 09:05:35,98.31313932547403,10
2024-01-01 09:05:40,98.28453312497975,25
2024-01-01 09:05:45,98.85345858708769,27
2024-01-01 09:05:50,98.70132884925759,22
2024-01-01 09:05:55,97.81415540934198,27
2024-01-01 09:06:00,98.53851822810492,15
2024-01-01 09:06:05,99.28444274116742,72
2024-01-01 09:06:10,98.63335980135253,4
2024-01-01 09:06:15,99.36252325087997,15
2024-01-01 09:06:20,98.6288137540391,89
2024-01-01 09:06:25,99.42062405654151,97
2024-01-01 09:06:30,99.65912450299406,21
2024-01-01 09:06:35,99.62008266502406,83
2024-01-01 09:06:40,100.12113721674687,93
2024-01-01 09:06:45,100.24867562579486,64
2024-01-01 09:06:50,100.67940905483144,96
2024-01-01 09:06:55,100.9879548821378,73
2024-01-01 09:07:00,101.4799637344805,78
2024-01-01 09:07:05,100.5411203679256,23
2024-01-01 09:07:10,101.46457239966324,48
2024-01-01 09:07:15,102.0501156746479,23
2024-01-01 09:07:20,101.68242924059692,91
2024-01-01 09:07:25,101.30274143984384,55
2024-01-01 09:07:30,100.35705544853036,25
2024-01-01 09:07:35,100.5263634525276,83
2024-01-01 09:07:40,101.40773940987587,12
2024-01-01 09:07:45,102.34826270295487,29
2024-01-01 09:07:50,102.36083873495136,8
2024-01-01 09:07:55,102.91970265846385,11
2024-01-01 09:08:00,103.08186098305526,32
2024-01-01 09:08:05,104.05766457771085,9
2024-01-01 09:08:10,105.03734284639057,99
2024-01-01 09:08:15,104.81226309213578,38
2024-01-01 09:08:20,104.83950745970613,93
2024-01-01 09:08:25,104.00728220356184,53
2024-01-01 09:08:30,103.81942506827255,1
2024-01-01 09:08:35,102.79330023116664,10
2024-01-01 09:08:40,103.11717740068121,12
2024-01-01 09:08:45,103.90680302499582,34
2024-01-01 09:08:50,103.55902572387495,87
2024-01-01 09:08:55,103.7179326399799,41
2024-01-01 09:09:00,103.87748925567028,44
2024-01-01 09:09:05,103.64773654710011,73
2024-01-01 09:09:10,104.41948939636917,78
2024-01-01 09:09:15,105.37228255313471,36
2024-01-01 09:09:20,105.22826850504764,10
2024-01-01 09:09:25,105.35238645817148,5
2024-01-01 09:09:30,104.36684327037604,60
2024-01-01 09:09:35,104.71999230045874,91
2024-01-01 09:09:40,105.14595785547354,45
2024-01-01 09:09:45,104.72749420355744,40
2024-01-01 09:09:50,103.94750181208579,90
2024-01-01 09:09:55,104.01875395577123,89
2024-01-01 09:10:00,103.45985154619139,34
2024-01-01 09:10:05,103.9201988145267,66
2024-01-01 09:10:10,103.17639742178692,13
2024-01-01 09:10:15,103.66984468068843,57
2024-01-01 09:10:20,102.79818795466933,55
2024-01-01 09:10:25,102.86075253454496,99
2024-01-01 09:10:30,102.15685518465637,54
2024-01-01 09:10:35,101.72923747811367,6
2024-01-01 09:10:40,101.10071668324092,4
2024-01-01 09:10:45,101.24541066698325,68
2024-01-01 09:10:50,101.61788023180331,2
2024-01-01 09:10:55,100.77434371055469,88
2024-01-01 09:11:00,101.52393811080184,6
2024-01-01 09:11:05,101.96015379722014,73
2024-01-01 09:11:10,102.43136377671516,7
2024-01-01 09:11:15,102.89169852188512,23
2024-01-01 09:11:20,102.50062144652266,5
2024-01-01 09:11:25,101.88989526445566,35
2024-01-01 09:11:30,102.2305199133782,11
2024-01-01 09:11:35,101.83587662721547,36
2024-01-01 09:11:40,101.80433922733931,17
2024-01-01 09:11:45,101.78985507092501,8
2024-01-01 09:11:50,101.33449390117129,38
2024-01-01 09:11:55,100.38117803441781,71
2024-01-01 09:12:00,100.28025879102483,14
2024-01-01 09:12:05,101.08522242022306,2
2024-01-01 09:12:10,101.07033245913189,47
2024-01-01 09:12:15,100.44044538203426,40
2024-01-01 09:12:20,100.61981655039573,1
2024-01-01 09:12:25,101.59577817419769,98
2024-01-01 09:12:30,102.51382848411231,5
2024-01-01 09:12:35,101.6161962264444,51
2024-01-01 09:12:40,101.40729334745558,81
2024-01-01 09:12:45,102.29880361213998,33
2024-01-01 09:12:50,101.4640506099028,13
2024-01-01 09:12:55,101.59544737109033,89
2024-01-01 09:13:00,100.75953954163708,8
2024-01-01 09:13:05,100.61360502443273,17
2024-01-01 09:13:10,100.94023367637374,29
2024-01-01 09:13:15,100.18711164121316,50
2024-01-01 09:13:20,100.11434965327918,85
2024-01-01 09:13:25,100.44940398655285,12
2024-01-01 09:13:30,99.83949475155482,44
2024-01-01 09:13:35,99.39256752619039,64
2024-01-01 09:13:40,99.04684909111057,94
2024-01-01 09:13:45,98.074908444394,17
2024-01-01 09:13:50,98.9209579366411,8
2024-01-01 09:13:55,98.07595776710303,22
2024-01-01 09:14:00,97.2020681007483,41
2024-01-01 09:14:05,97.15396800290985,85
2024-01-01 09:14:10,97.79514988970568,64
2024-01-01 09:14:15,97.15178867026691,53
2024-01-01 09:14:20,98.04090056513651,57
2024-01-01 09:14:25,97.96904089951332,45
2024-01-01 09:14:30,98.36871016170082,34
2024-01-01 09:14:35,98.8585835665743,45
2024-01-01 09:14:40,97.9616862268278,1
2024-01-01 09:14:45,98.00271880927065,1
2024-01-01 09:14:50,98.59001782703366,96
2024-01-01 09:14:55,97.77475564784015,48
2024-01-01 09:15:00,97.22005614820142,36
2024-01-01 09:15:05,96.39507889547663,62
2024-01-01 09:15:10,96.71723542654232,23
2024-01-01 09:15:15,97.67985734353387,65
2024-01-01 09:15:20,97.24985655342061,50
2024-01-01 09:15:25,97.49412063458337,27
2024-01-01 09:15:30,97.0355583045266,51
2024-01-01 09:15:35,97.90544436013244,84
2024-01-01 09:15:40,98.55646188937115,14
2024-01-01 09:15:45,97.60758691743055,5
2024-01-01 09:15:50,97.50448539876702,48
2024-01-01 09:15:55,96.73298011400377,53
2024-01-01 09:16:00,96.44139755459946,85
2024-01-01 09:16:05,95.98692769005892,88
2024-01-01 09:16:10,96.16519508926629,69
2024-01-01 09:16:15,96.07236406303078,35
2024-01-01 09:16:20,95.73970121307676,83
2024-01-01 09:16:25,96.34894198532956,28
2024-01-01 09:16:30,96.14775325900568,93
2024-01-01 09:16:35,95.64345046223738,4
2024-01-01 09:16:40,96.27564251532343,20
2024-01-01 09:16:45,95.80144791339659,54
2024-01-01 09:16:50,95.52369564458313,72
2024-01-01 09:16:55,95.89016337929083,15
2024-01-01 09:17:00,95.12460237731699,83
2024-01-01 09:17:05,95.63571808079293,45
2024-01-01 09:17:10,95.46415857464412,84
2024-01-01 09:17:15,94.66381152440296,59
2024-01-01 09:17:20,93.85042156883347,64
2024-01-01 09:17:25,93.06620094636577,6
2024-01-01 09:17:30,93.49609654421431,10
2024-01-01 09:17:35,93.13527683952735,36
2024-01-01 09:17:40,93.32833377622983,73
2024-01-01 09:17:45,92.55898546234296,48
2024-01-01 09:17:50,93.0931004040147,85
2024-01-01 09:17:55,93.3860386686094,59
2024-01-01 09:18:00,94.14151493874081,47
2024-01-01 09:18:05,94.95576354593817,76
2024-01-01 09:18:10,94.78229113611609,2
2024-01-01 09:18:15,95.30612984552945,2
2024-01-01 09:18:20,95.77682231482952,36
2024-01-01 09:18:25,95.55988281775025,87
2024-01-01 09:18:30,95.80592600561882,74
2024-01-01 09:18:35,95.71166196548894,65
2024-01-01 09:18:40,96.18708103587197,97
2024-01-01 09:18:45,95.34303697888748,31
2024-01-01 09:18:50,95.20316043649945,54
2024-01-01 09:18:55,94.37066520396895,45
2024-01-01 09:19:00,93.69868703178099,29
2024-01-01 09:19:05,94.48760509196094,86
2024-01-01 09:19:10,94.98557109335948,78
2024-01-01 09:19:15,94.2425806962063,86
2024-01-01 09:19:20,94.30167896303756,19
2024-01-01 09:19:25,93.53187655273844,29
2024-01-01 09:19:30,93.10523074738234,12
2024-01-01 09:19:35,93.66677503299182,73
2024-01-01 09:19:40,93.19526696790729,89
2024-01-01 09:19:45,92.41375109044611,46
2024-01-01 09:19:50,92.07602875695433,21
2024-01-01 09:19:55,92.94048806224481,37
2024-01-01 09:20:00,93.15482894887234,82
2024-01-01 09:20:05,92.72514045966383,90
2024-01-01 09:20:10,92.2307422418619,24
2024-01-01 09:20:15,92.92711992674751,33
2024-01-01 09:20:20,92.20762661771265,0
2024-01-01 09:20:25,92.06400416698123,38
2024-01-01 09:20:30,92.94950520441319,58
2024-01-01 09:20:35,92.41677642352307,87
2024-01-01 09:20:40,92.09206552111648,87
2024-01-01 09:20:45,93.00928854082348,90
2024-01-01 09:20:50,93.10715556447684,65
2024-01-01 09:20:55,93.22469941918827,2
2024-01-01 09:21:00,92.67214769614371,21
2024-01-01 09:21:05,92.49844408910258,4
2024-01-01 09:21:10,92.8628397730177,34
2024-01-01 09:21:15,92.17140537632486,97
2024-01-01 09:21:20,92.62599218694122,93
2024-01-01 09:21:25,92.21525871651932,81
2024-01-01 09:21:30,93.0087175823327,90
2024-01-01 09:21:35,92.12652125163498,47
2024-01-01 09:21:40,91.31674585149834,63
2024-01-01 09:21:45,91.60591325603211,5
2024-01-01 09:21:50,91.50648589793319,29
2024-01-01 09:21:55,91.2049098955347,39
2024-01-01 09:22:00,91.45720260246082,32
2024-01-01 09:22:05,91.46497778191328,46
2024-01-01 09:22:10,91.36299723701002,85
2024-01-01 09:22:15,92.16611716588434,45
2024-01-01 09:22:20,91.29645056515967,2
2024-01-01 09:22:25,91.00066561153035,71
2024-01-01 09:22:30,90.09567013604547,31
2024-01-01 09:22:35,90.85806935019194,16
2024-01-01 09:22:40,90.29317225752837,22
2024-01-01 09:22:45,91.17885574706003,26
2024-01-01 09:22:50,90.29573830190442,49
2024-01-01 09:22:55,90.06545008700517,47
2024-01-01 09:23:00,89.56573409113156,61
2024-01-01 09:23:05,89.39094295435204,14
2024-01-01 09:23:10,88.76350311582185,84
2024-01-01 09:23:15,87.92091982000174,98
2024-01-01 09:23:20,88.58450966610852,57
2024-01-01 09:23:25,88.37190421467125,37
2024-01-01 09:23:30,88.96803143112786,22
2024-01-01 09:23:35,88.67494957751316,95
2024-01-01 09:23:40,88.59752851286486,76
2024-01-01 09:23:45,88.02654731134471,69
2024-01-01 09:23:50,87.34179592371346,32
2024-01-01 09:23:55,87.7371862406223,42
2024-01-01 09:24:00,87.35982285300321,6
2024-01-01 09:24:05,86.93042633171093,10
2024-01-01 09:24:10,87.29015407590055,50
2024-01-01 09:24:15,86.71366265367854,1
2024-01-01 09:24:20,86.81392853090736,26
2024-01-01 09:24:25,86.9954786780596,50
2024-01-01 09:24:30,86.14928668114061,86
2024-01-01 09:24:35,86.18289558152124,70
2024-01-01 09:24:40,86.29013250411684,14
2024-01-01 09:24:45,85.66541199768274,71
2024-01-01 09:24:50,86.3848931994868,33
2024-01-01 09:24:55,86.9028775694635,63
2024-01-01 09:25:00,86.81514402542538,97
2024-01-01 09:25:05,87.19337938392454,36
2024-01-01 09:25:10,86.37341776082275,6
2024-01-01 09:25:15,86.01710253888676,62
2024-01-01 09:25:20,86.65975814443276,51
2024-01-01 09:25:25,85.85605691911832,81
2024-01-01 09:25:30,86.60488296540792,74
2024-01-01 09:25:35,87.21075579972153,0
2024-01-01 09:25:40,86.87821958289953,16
2024-01-01 09:25:45,87.25112170003015,61
2024-01-01 09:25:50,86.99335633038712,78
2024-01-01 09:25:55,87.3308305095209,73
2024-01-01 09:26:00,87.08869220883993,17
2024-01-01 09:26:05,87.15015243941002,63
2024-01-01 09:26:10,86.78067859669613,22
2024-01-01 09:26:15,86.31704030523822,64
2024-01-01 09:26:20,86.56433039468615,56
2024-01-01 09:26:25,86.05598029997064,99
2024-01-01 09:26:30,85.19953769638181,63
2024-01-01 09:26:35,85.09771343771303,9
2024-01-01 09:26:40,85.30466870180257,3
2024-01-01 09:26:45,85.09629439053583,30
2024-01-01 09:26:50,84.96296752853156,32
2024-01-01 09:26:55,84.37706755907125,31
2024-01-01 09:27:00,83.55573813138975,83
2024-01-01 09:27:05,83.02720097086154,4
2024-01-01 09:27:10,83.11782328526307,11
2024-01-01 09:27:15,83.47300794279195,98
2024-01-01 09:27:20,84.07533232658824,26
2024-01-01 09:27:25,84.42044643470415,14
2024-01-01 09:27:30,84.87784415335808,19
2024-01-01 09:27:35,84.34792970878851,87
2024-01-01 09:27:40,83.84713087304569,82
2024-01-01 09:27:45,84.57035371795902,26
2024-01-01 09:27:50,85.33121526010305,0
2024-01-01 09:27:55,85.88150091940327,70
2024-01-01 09:28:00,86.53501444396595,59
2024-01-01 09:28:05,87.04364633177437,86
2024-01-01 09:28:10,87.6419959543357,73
2024-01-01 09:28:15,87.83278754639092,52
2024-01-01 09:28:20,87.4777047180233,75
2024-01-01 09:28:25,87.83998060224681,52
2024-01-01 09:28:30,88.09806912251652,14
2024-01-01 09:28:35,88.3670322423038,91
2024-01-01 09:28:40,88.85975850230825,56
2024-01-01 09:28:45,89.18120857892427,99
2024-01-01 09:28:50,89.76521171660228,23
2024-01-01 09:28:55,89.99503873594364,72
2024-01-01 09:29:00,89.9507459398361,63
2024-01-01 09:29:05,90.65183989458788,73
2024-01-01 09:29:10,90.70741359096542,63
2024-01-01 09:29:15,90.35254454933448,33
2024-01-01 09:29:20,90.58228340668647,5
2024-01-01 09:29:25,91.43342171175037,33
2024-01-01 09:29:30,91.65091213971336,93
2024-01-01 09:29:35,91.60518960089532,63
2024-01-01 09:29:40,90.73905545176413,36
2024-01-01 09:29:45,90.6852823147187,95
2024-01-01 09:29:50,90.65037261421779,96
2024-01-01 09:29:55,91.21086722809147,61
2024-01-01 09:30:00,91.58019964808484,17
2024-01-01 09:30:05,91.479841976757,44
2024-01-01 09:30:10,90.88690748150815,35
2024-01-01 09:30:15,90.51584074467024,60
2024-01-01 09:30:20,91.15435790991663,42
2024-01-01 09:30:25,91.63962649973948,9
2024-01-01 09:30:30,90.78023735205083,57
2024-01-01 09:30:35,91.37577219282828,18
2024-01-01 09:30:40,91.26987358884426,48
2024-01-01 09:30:45,91.65811316239292,26
2024-01-01 09:30:50,90.82395711609533,49
2024-01-01 09:30:55,90.20273608069662,99
2024-01-01 09:31:00,90.63021727561124,35
2024-01-01 09:31:05,90.60983084610388,88
2024-01-01 09:31:10,90.24872353822606,52
2024-01-01 09:31:15,90.6457526590593,28
2024-01-01 09:31:20,90.88501430135831,97
2024-01-01 09:31:25,91.40456354966996,57
2024-01-01 09:31:30,91.1032471619383,41
2024-01-01 09:31:35,91.87407267333296,58
2024-01-01 09:31:40,91.94959917308664,9
2024-01-01 09:31:45,91.10512194297107,39
2024-01-01 09:31:50,90.29550295193985,33
2024-01-01 09:31:55,90.88906563881318,48
2024-01-01 09:32:00,90.6859369532139,12
2024-01-01 09:32:05,90.08049464602296,98
2024-01-01 09:32:10,90.67493566647998,4
2024-01-01 09:32:15,91.39529708917472,35
2024-01-01 09:32:20,92.02407429406988,40
2024-01-01 09:32:25,92.17396504530318,13
2024-01-01 09:32:30,92.66630869234345,54
2024-01-01 09:32:35,91.98597630444961,40
2024-01-01 09:32:40,92.4286701404111,35
2024-01-01 09:32:45,93.10863977184674,48
2024-01-01 09:32:50,93.70057064271272,76
2024-01-01 09:32:55,94.28400052599011,75
2024-01-01 09:33:00,94.03554702589945,91
2024-01-01 09:33:05,93.62713634954318,91
2024-01-01 09:33:10,93.51378284841678,29
2024-01-01 09:33:15,94.21574797558654,22
2024-01-01 09:33:20,94.03639671533554,13
2024-01-01 09:33:25,94.5922319306504,14
2024-01-01 09:33:30,95.53442892469496,67
2024-01-01 09:33:35,95.69802472391152,33
2024-01-01 09:33:40,94.83376226141216,88
2024-01-01 09:33:45,95.0060975386652,37
2024-01-01 09:33:50,95.00183618164459,63
2024-01-01 09:33:55,94.79545548219153,51
2024-01-01 09:34:00,95.53089194316918,89
2024-01-01 09:34:05,94.67804388078962,4
2024-01-01 09:34:10,94.63809677533541,87
2024-01-01 09:34:15,93.92482026179762,53
2024-01-01 09:34:20,94.44617846328576,38
2024-01-01 09:34:25,95.20974338479347,93
2024-01-01 09:34:30,95.37946383784771,83
2024-01-01 09:34:35,94.80780444266273,83
2024-01-01 09:34:40,95.41373374939738,17
2024-01-01 09:34:45,94.61738506257736,47
2024-01-01 09:34:50,94.69024760175161,72
2024-01-01 09:34:55,94.40048736075457,51
2024-01-01 09:35:00,94.26001137138921,37
2024-01-01 09:35:05,94.80819561314519,85
2024-01-01 09:35:10,95.4221904430795,76
2024-01-01 09:35:15,95.04665086323703,10
2024-01-01 09:35:20,94.46079435968747,47
2024-01-01 09:35:25,94.68289850503693,32
2024-01-01 09:35:30,95.28461438282652,41
2024-01-01 09:35:35,96.08405096559832,5
2024-01-01 09:35:40,95.49193620731866,96
2024-01-01 09:35:45,95.1270494163756,77
2024-01-01 09:35:50,95.7861758013939,97
2024-01-01 09:35:55,96.35289873643246,9
2024-01-01 09:36:00,95.60177791709086,54
2024-01-01 09:36:05,96.37559925386368,15
2024-01-01 09:36:10,96.50123683314968,94
2024-01-01 09:36:15,96.21895533589642,81
2024-01-01 09:36:20,95.75727645329555,59
2024-01-01 09:36:25,95.00250489289989,43
2024-01-01 09:36:30,94.80541620718306,98
2024-01-01 09:36:35,93.86501238324081,58
2024-01-01 09:36:40,93.09456333139975,68
2024-01-01 09:36:45,92.76302685225328,66
2024-01-01 09:36:50,93.08909161613965,74
2024-01-01 09:36:55,92.53172827261055,42
2024-01-01 09:37:00,93.0379764222487,29
2024-01-01 09:37:05,93.72388177301224,18
2024-01-01 09:37:10,94.52732457598756,56
2024-01-01 09:37:15,95.1572473930346,74
2024-01-01 09:37:20,95.90643633844225,35
2024-01-01 09:37:25,95.45408825103667,90
2024-01-01 09:37:30,95.63197391994842,85
2024-01-01 09:37:35,95.283650411711,87
2024-01-01 09:37:40,95.50502234104658,52
2024-01-01 09:37:45,95.62591199602183,46
2024-01-01 09:37:50,96.45155815264881,0
2024-01-01 09:37:55,95.7431535174437,21
2024-01-01 09:38:00,96.60062277675429,48
2024-01-01 09:38:05,97.02646979212675,97
2024-01-01 09:38:10,96.56369865829005,93
2024-01-01 09:38:15,96.25248146146983,56
2024-01-01 09:38:20,96.55525864970524,12
2024-01-01 09:38:25,96.96783969133133,18
2024-01-01 09:38:30,97.37956616897449,71
2024-01-01 09:38:35,97.36628122102151,93
2024-01-01 09:38:40,97.2151933128331,69
2024-01-01 09:38:45,97.40094566228747,62
2024-01-01 09:38:50,97.46110129459143,44
2024-01-01 09:38:55,97.24379318673081,78
2024-01-01 09:39:00,97.04008833517112,9
2024-01-01 09:39:05,96.14001021511973,36
2024-01-01 09:39:10,97.06390066479987,75
2024-01-01 09:39:15,96.83401902720672,26
2024-01-01 09:39:20,96.24156757821709,15
2024-01-01 09:39:25,96.49341908031657,0
2024-01-01 09:39:30,96.28370074203673,4
2024-01-01 09:39:35,96.9048159894274,0
2024-01-01 09:39:40,95.97921944004023,1
2024-01-01 09:39:45,95.72543446234859,46
2024-01-01 09:39:50,96.36385993868535,48
2024-01-01 09:39:55,95.53705982190083,24
2024-01-01 09:40:00,95.24212533639546,98
2024-01-01 09:40:05,94.87069039797319,99
2024-01-01 09:40:10,94.58387677249038,95
2024-01-01 09:40:15,93.66016310037408,14
2024-01-01 09:40:20,92.81297694310098,80
2024-01-01 09:40:25,92.16655092007066,57
2024-01-01 09:40:30,91.9921555216691,62
2024-01-01 09:40:35,91.1248374904962,28
2024-01-01 09:40:40,91.3737442739813,77
2024-01-01 09:40:45,90.7782634495461,80
2024-01-01 09:40:50,90.45359962203301,3
2024-01-01 09:40:55,90.47756521589082,11
2024-01-01 09:41:00,90.91667800913223,43
2024-01-01 09:41:05,91.6126625754423,79
2024-01-01 09:41:10,91.98735435523484,20
2024-01-01 09:41:15,92.34616291557799,91
2024-01-01 09:41:20,92.09796400173568,78
2024-01-01 09:41:25,92.92666675676044,69
2024-01-01 09:41:30,92.5537609777329,33
2024-01-01 09:41:35,92.6079078295377,67
2024-01-01 09:41:40,92.93296604196104,8
2024-01-01 09:41:45,93.14586718017259,60
2024-01-01 09:41:50,93.86719033470439,5
2024-01-01 09:41:55,93.91693379966091,82
2024-01-01 09:42:00,94.18659716237347,94
2024-01-01 09:42:05,94.90749462187458,13
2024-01-01 09:42:10,94.401140314836,20
2024-01-01 09:42:15,94.10762820317588,7
2024-01-01 09:42:20,93.89316142341734,83
2024-01-01 09:42:25,94.29311009822648,40
2024-01-01 09:42:30,93.53890939935427,79
2024-01-01 09:42:35,93.25429347699287,38
2024-01-01 09:42:40,93.93354837924663,27
2024-01-01 09:42:45,94.35244968123656,11
2024-01-01 09:42:50,95.03885082731446,11
2024-01-01 09:42:55,95.64053125886859,45
2024-01-01 09:43:00,96.19989534629659,42
2024-01-01 09:43:05,96.53577901973607,99
2024-01-01 09:43:10,96.52849236974141,56
2024-01-01 09:43:15,97.11912326642529,94
2024-01-01 09:43:20,97.46307047669478,42
2024-01-01 09:43:25,98.12656104697832,81
2024-01-01 09:43:30,98.16416694210051,39
2024-01-01 09:43:35,98.100795493866,72
2024-01-01 09:43:40,97.78446630879307,66
2024-01-01 09:43:45,98.64397129118598,20
2024-01-01 09:43:50,99.24088561732883,77
2024-01-01 09:43:55,98.72274518490386,32
2024-01-01 09:44:00,99.529103011597,79
2024-01-01 09:44:05,99.87688869557974,74
2024-01-01 09:44:10,100.36025710202546,93
2024-01-01 09:44:15,99.93587977267086,61
2024-01-01 09:44:20,100.45470114666286,89
2024-01-01 09:44:25,101.2657271726009,55
2024-01-01 09:44:30,100.5746902103436,44
2024-01-01 09:44:35,101.4362877801159,84
2024-01-01 09:44:40,101.24996560171154,72
2024-01-01 09:44:45,101.73923649582431,91
2024-01-01 09:44:50,100.91148419489228,57
2024-01-01 09:44:55,100.36182738881172,67
2024-01-01 09:45:00,100.29217187349934,26
2024-01-01 09:45:05,100.38810877259745,42
2024-01-01 09:45:10,100.78518836938754,87
2024-01-01 09:45:15,100.88301997918097,87
2024-01-01 09:45:20,100.87376089753485,57
2024-01-01 09:45:25,101.57998970755287,51
2024-01-01 09:45:30,101.3675905157304,69
2024-01-01 09:45:35,101.29638477940406,23
2024-01-01 09:45:40,101.50123438847756,94
2024-01-01 09:45:45,100.59416317726698,52
2024-01-01 09:45:50,100.80403894221055,56
2024-01-01 09:45:55,100.9563076077316,73
2024-01-01 09:46:00,101.07247661186612,82
2024-01-01 09:46:05,100.40628314705634,22
2024-01-01 09:46:10,99.8872465903648,76
2024-01-01 09:46:15,99.2169541756695,9
2024-01-01 09:46:20,98.68112705521378,19
2024-01-01 09:46:25,99.4674940583729,24
2024-01-01 09:46:30,99.76438090616007,1
2024-01-01 09:46:35,99.82319894153028,56
2024-01-01 09:46:40,98.8835347719327,26
2024-01-01 09:46:45,98.49756089101189,13
2024-01-01 09:46:50,98.27801216257794,60
2024-01-01 09:46:55,97.67417336734854,0
2024-01-01 09:47:00,97.20134900850766,10
2024-01-01 09:47:05,97.3258863093577,80
2024-01-01 09:47:10,96.57240721570327,2
2024-01-01 09:47:15,95.64620807234655,18
2024-01-01 09:47:20,95.55324421447385,44
2024-01-01 09:47:25,96.41929172676534,3
2024-01-01 09:47:30,96.52722598324402,14
2024-01-01 09:47:35,96.94440886248904,23
2024-01-01 09:47:40,97.32843146971395,2
2024-01-01 09:47:45,97.54837536046917,32
2024-01-01 09:47:50,97.67277209687389,97
2024-01-01 09:47:55,97.88366252583364,61
2024-01-01 09:48:00,97.12917122933574,37
2024-01-01 09:48:05,96.5478903768449,95
2024-01-01 09:48:10,97.38809483944232,57
2024-01-01 09:48:15,97.24151084024231,4
2024-01-01 09:48:20,97.41837265472265,40
2024-01-01 09:48:25,98.33080302368022,90
2024-01-01 09:48:30,99.11657827995042,20
2024-01-01 09:48:35,99.20602537741192,47
2024-01-01 09:48:40,98.7237148216365,75
2024-01-01 09:48:45,99.17310977261691,12
2024-01-01 09:48:50,99.09657913129529,44
2024-01-01 09:48:55,100.07639690420375,9
2024-01-01 09:49:00,101.02118271789112,5
2024-01-01 09:49:05,101.2458466142418,68
2024-01-01 09:49:10,100.92964537218364,65
2024-01-01 09:49:15,101.55930857728156,56
2024-01-01 09:49:20,101.14108695662402,81
2024-01-01 09:49:25,100.63240392577725,87
2024-01-01 09:49:30,99.99332536288979,19
2024-01-01 09:49:35,99.53758851454243,43
2024-01-01 09:49:40,99.74827284196537,15
2024-01-01 09:49:45,100.23321883823326,44
2024-01-01 09:49:50,100.22689936893526,67
2024-01-01 09:49:55,100.49312032547293,48
2024-01-01 09:50:00,100.81111501808763,59
2024-01-01 09:50:05,100.09491115289217,84
2024-01-01 09:50:10,99.78806451594207,18
2024-01-01 09:50:15,100.47745721101901,39
2024-01-01 09:50:20,100.00741051189014,92
2024-01-01 09:50:25,100.78881354838566,89
2024-01-01 09:50:30,100.42859589138219,8
2024-01-01 09:50:35,100.91056157626136,62
2024-01-01 09:50:40,101.56667585983286,74
2024-01-01 09:50:45,100.7783504785122,92
2024-01-01 09:50:50,100.9773828761897,7
2024-01-01 09:50:55,100.47113924096166,43
2024-01-01 09:51:00,100.5537042655951,87
2024-01-01 09:51:05,100.97808730401329,60
2024-01-01 09:51:10,100.10093251743284,87
2024-01-01 09:51:15,99.64895030523836,11
2024-01-01 09:51:20,99.0461024929106,6
2024-01-01 09:51:25,99.59882437260902,95
2024-01-01 09:51:30,99.92687774403971,71
2024-01-01 09:51:35,100.74269837129646,96
2024-01-01 09:51:40,101.41809057555253,61
2024-01-01 09:51:45,101.39259395246218,19
2024-01-01 09:51:50,101.88323854121498,38
2024-01-01 09:51:55,101.90512612685696,71
2024-01-01 09:52:00,102.66853121790957,95
2024-01-01 09:52:05,102.02075127502843,38
2024-01-01 09:52:10,102.04530850246168,46
2024-01-01 09:52:15,102.23295503604727,8
2024-01-01 09:52:20,101.401443043162,37
2024-01-01 09:52:25,100.54810551773821,57
2024-01-01 09:52:30,100.52192742500729,32
2024-01-01 09:52:35,101.3857302679769,25
2024-01-01 09:52:40,100.94415631517614,82
2024-01-01 09:52:45,101.45658727252011,61
2024-01-01 09:52:50,102.37058970144867,21
2024-01-01 09:52:55,101.71315075270252,80
2024-01-01 09:53:00,100.99691908437839,50
2024-01-01 09:53:05,101.3603860641882,91
2024-01-01 09:53:10,100.58301572786318,35
2024-01-01 09:53:15,100.84464804096534,14
2024-01-01 09:53:20,100.96344180858559,57
2024-01-01 09:53:25,101.3609025674388,61
2024-01-01 09:53:30,102.1005816898276,6
2024-01-01 09:53:35,101.68884656647445,92
2024-01-01 09:53:40,102.34714442373232,70
2024-01-01 09:53:45,102.70534566970969,11
2024-01-01 09:53:50,102.01412765202,43
2024-01-01 09:53:55,102.0294732009951,61
2024-01-01 09:54:00,101.37086635509193,45
2024-01-01 09:54:05,101.9752499839168,25
2024-01-01 09:54:10,102.90547486582192,17
2024-01-01 09:54:15,102.744586672305,90
2024-01-01 09:54:20,102.07210765711561,35
2024-01-01 09:54:25,102.97813528835334,63
2024-01-01 09:54:30,103.30500566287556,24
2024-01-01 09:54:35,103.05673166987751,75
2024-01-01 09:54:40,102.21474367627687,75
2024-01-01 09:54:45,102.7774166215295,66
2024-01-01 09:54:50,102.925803118469,79
2024-01-01 09:54:55,103.44477786022878,5
2024-01-01 09:55:00,103.88884009629616,97
2024-01-01 09:55:05,103.16170806940418,40
2024-01-01 09:55:10,103.50908701657787,16
2024-01-01 09:55:15,103.54652997949428,34
2024-01-01 09:55:20,103.66056628307278,20
2024-01-01 09:55:25,104.61397242993586,42
2024-01-01 09:55:30,104.9241787647378,14
2024-01-01 09:55:35,105.21148870872327,11
2024-01-01 09:55:40,105.82397074176353,45
2024-01-01 09:55:45,106.70730873258336,10
2024-01-01 09:55:50,107.36026872182339,25
2024-01-01 09:55:55,107.82222153761582,10
2024-01-01 09:56:00,108.74173706421232,64
2024-01-01 09:56:05,107.86498614344478,89
2024-01-01 09:56:10,107.4845930429897,45
2024-01-01 09:56:15,107.3669827607356,68
2024-01-01 09:56:20,107.94961378402846,43
2024-01-01 09:56:25,107.97585347089986,13
2024-01-01 09:56:30,108.07116247035204,99
2024-01-01 09:56:35,108.4042306671712,88
2024-01-01 09:56:40,107.34926988252644,80
2024-01-01 09:56:45,108.25387229599892,1
2024-01-01 09:56:50,108.85945093749758,64
2024-01-01 09:56:55,109.0536970081542,21
2024-01-01 09:57:00,108.38706374800374,57
2024-01-01 09:57:05,108.01810946338155,14
2024-01-01 09:57:10,107.04345957427847,63
2024-01-01 09:57:15,107.93508328370136,18
2024-01-01 09:57:20,107.79193094324341,97
2024-01-01 09:57:25,107.44577349296355,3
2024-01-01 09:57:30,108.47538799798893,34
2024-01-01 09:57:35,109.09252774945851,11
2024-01-01 09:57:40,110.02106547330669,15
2024-01-01 09:57:45,111.10533532390124,56
2024-01-01 09:57:50,111.17807766998456,10
2024-01-01 09:57:55,111.80295647325862,29
2024-01-01 09:58:00,112.37310504591431,52
2024-01-01 09:58:05,112.01331722248312,37
2024-01-01 09:58:10,111.1353784232292,45
2024-01-01 09:58:15,111.07458900922116,40
2024-01-01 09:58:20,110.70115536541978,20
2024-01-01 09:58:25,110.5520759516799,97
2024-01-01 09:58:30,110.37893425137291,33
2024-01-01 09:58:35,110.58343893277122,12
2024-01-01 09:58:40,109.9272101445612,26
2024-01-01 09:58:45,110.5342204390073,48
2024-01-01 09:58:50,110.03682546744713,51
2024-01-01 09:58:55,110.77042965864995,71
2024-01-01 09:59:00,110.06473384287456,51
2024-01-01 09:59:05,109.98482446329974,51
2024-01-01 09:59:10,110.30247204674619,25
2024-01-01 09:59:15,111.07944733703268,87
2024-01-01 09:59:20,110.69540991597752,53
2024-01-01 09:59:25,110.20888210103625,1
2024-01-01 09:59:30,110.48773426331188,40
2024-01-01 09:59:35,111.4035343312881,44
2024-01-01 09:59:40,111.6286843392259,14
2024-01-01 09:59:45,111.52760608285519,4
2024-01-01 09:59:50,111.49931094330496,30
2024-01-01 09:59:55,110.467654092029,57
2024-01-01 10:00:00,110.72239885749174,37
2024-01-01 10:00:05,111.46181590334947,36
2024-01-01 10:00:10,112.04267168218324,49
2024-01-01 10:00:15,111.21614591354853,58
2024-01-01 10:00:20,111.13248383038065,54
2024-01-01 10:00:25,110.55360679680724,58
2024-01-01 10:00:30,109.7682869015985,58
2024-01-01 10:00:35,109.11176028644469,90
2024-01-01 10:00:40,109.99097591676609,15
2024-01-01 10:00:45,109.13996366230782,78
2024-01-01 10:00:50,108.40408624648683,92
2024-01-01 10:00:55,109.17675793791517,79
2024-01-01 10:01:00,109.69275668253586,75
2024-01-01 10:01:05,109.67564128198721,75
2024-01-01 10:01:10,109.23110608525744,90
2024-01-01 10:01:15,108.78130382339523,94
2024-01-01 10:01:20,109.53553105530668,6
2024-01-01 10:01:25,109.4280491688005,17
2024-01-01 10:01:30,110.229001282669,78
2024-01-01 10:01:35,110.8546172147278,99
2024-01-01 10:01:40,110.700490669185,28
2024-01-01 10:01:45,109.88983826722846,0
2024-01-01 10:01:50,110.54844459073091,88
2024-01-01 10:01:55,111.5469201477544,98
2024-01-01 10:02:00,111.79295887872104,97
2024-01-01 10:02:05,111.38009497462957,24
2024-01-01 10:02:10,112.22460236057495,0
2024-01-01 10:02:15,111.81399311285206,41
2024-01-01 10:02:20,112.92042306069024,99
2024-01-01 10:02:25,113.23540850838086,40
2024-01-01 10:02:30,112.56315378495225,9
2024-01-01 10:02:35,112.58705776033686,0
2024-01-01 10:02:40,111.77789525893375,85
2024-01-01 10:02:45,111.92729803669398,87
2024-01-01 10:02:50,112.24885302954942,67
2024-01-01 10:02:55,111.94914496598297,80
2024-01-01 10:03:00,112.83040863693788,92
2024-01-01 10:03:05,113.51744312843218,64
2024-01-01 10:03:10,113.53698961317315,3
2024-01-01 10:03:15,113.34845651417795,88
2024-01-01 10:03:20,114.4302650082216,14
2024-01-01 10:03:25,113.63277488946878,37
2024-01-01 10:03:30,113.12512612302883,20
2024-01-01 10:03:35,114.06374126110357,43
2024-01-01 10:03:40,114.0041560947492,23
2024-01-01 10:03:45,113.59726073550901,1
2024-01-01 10:03:50,114.05743647839934,54
2024-01-01 10:03:55,114.43924764164808,86
2024-01-01 10:04:00,114.438170088187,40
2024-01-01 10:04:05,115.32131827004493,59
2024-01-01 10:04:10,116.25409616904159,95
2024-01-01 10:04:15,115.84709890454567,35
2024-01-01 10:04:20,115.58359038406297,52
2024-01-01 10:04:25,115.81453795367871,24
2024-01-01 10:04:30,115.2899051792326,60
2024-01-01 10:04:35,115.42116780549595,68
2024-01-01 10:04:40,115.71413047477576,17
2024-01-01 10:04:45,114.79210469858842,47
2024-01-01 10:04:50,114.08730576906711,59
2024-01-01 10:04:55,114.24725543680707,86
2024-01-01 10:05:00,113.97366360641662,85
2024-01-01 10:05:05,114.87853924594405,53
2024-01-01 10:05:10,114.57153687437088,17
2024-01-01 10:05:15,115.00718032927442,63
2024-01-01 10:05:20,113.9220895522808,53
2024-01-01 10:05:25,114.3413717685389,23
2024-01-01 10:05:30,114.79625725712825,22
2024-01-01 10:05:35,115.27965901048051,78
2024-01-01 10:05:40,115.05519503007164,55
2024-01-01 10:05:45,114.80891592141866,67
2024-01-01 10:05:50,114.50142236745334,99
2024-01-01 10:05:55,114.75426735339273,5
2024-01-01 10:06:00,114.8562878486085,22
2024-01-01 10:06:05,114.542199926819,47
2024-01-01 10:06:10,113.42183274271515,46
2024-01-01 10:06:15,113.05444817349625,92
2024-01-01 10:06:20,112.92970810344865,67
2024-01-01 10:06:25,112.66331261023424,43
2024-01-01 10:06:30,111.68133315418885,95
2024-01-01 10:06:35,111.6237611673631,1
2024-01-01 10:06:40,112.62934444167853,65
2024-01-01 10:06:45,113.17972744975586,39
2024-01-01 10:06:50,113.70072511682623,40
2024-01-01 10:06:55,114.63284709947602,18
2024-01-01 10:07:00,114.98207182438355,77
2024-01-01 10:07:05,115.18226349783563,84
2024-01-01 10:07:10,116.06123754215123,70
2024-01-01 10:07:15,115.75085975633705,55
2024-01-01 10:07:20,115.15921268681515,35
2024-01-01 10:07:25,114.11426623923433,38
2024-01-01 10:07:30,113.29638772392464,4
2024-01-01 10:07:35,112.94170647053593,28
2024-01-01 10:07:40,113.27351970345082,46
2024-01-01 10:07:45,113.13896526227846,91
2024-01-01 10:07:50,113.61135498272627,88
2024-01-01 10:07:55,114.34462049024253,18
2024-01-01 10:08:00,113.55991866489528,29
2024-01-01 10:08:05,113.30955446178368,66
2024-01-01 10:08:10,114.0113820016992,56
2024-01-01 10:08:15,113.58112618524576,6
2024-01-01 10:08:20,113.57039927111222,92
2024-01-01 10:08:25,114.47126598303494,38
2024-01-01 10:08:30,113.5987903173242,52
2024-01-01 10:08:35,113.42395162425403,93
2024-01-01 10:08:40,112.42503462777836,7
2024-01-01 10:08:45,113.32404632095134,82
2024-01-01 10:08:50,113.99528295558775,47
2024-01-01 10:08:55,114.76314812146869,90
2024-01-01 10:09:00,115.77231666491612,91
2024-01-01 10:09:05,115.48201304779138,17
2024-01-01 10:09:10,116.16123267936176,96
2024-01-01 10:09:15,115.08425417589571,61
2024-01-01 10:09:20,115.31488478007654,43
2024-01-01 10:09:25,116.12191684233079,44
2024-01-01 10:09:30,116.0294070755074,77
2024-01-01 10:09:35,115.89619021805647,31
2024-01-01 10:09:40,115.77044396886087,58
2024-01-01 10:09:45,114.9835254917328,58
2024-01-01 10:09:50,114.22844108935374,93
2024-01-01 10:09:55,113.47459840924128,69
2024-01-01 10:10:00,112.50732698690693,49
2024-01-01 10:10:05,111.4930567922078,81
2024-01-01 10:10:10,111.37049067131285,88
2024-01-01 10:10:15,110.67924051392367,78
2024-01-01 10:10:20,111.71701582153246,95
2024-01-01 10:10:25,111.05652569127804,37
2024-01-01 10:10:30,112.0331454917936,18
2024-01-01 10:10:35,112.08799839435548,59
2024-01-01 10:10:40,112.15876590253943,44
2024-01-01 10:10:45,113.0729670568696,75
2024-01-01 10:10:50,113.81769366819917,58
2024-01-01 10:10:55,114.65574697368763,1
2024-01-01 10:11:00,115.56975496901093,47
2024-01-01 10:11:05,115.99736366322625,15
2024-01-01 10:11:10,116.7815561149158,40
2024-01-01 10:11:15,116.4942001632802,66
2024-01-01 10:11:20,116.69791655923538,33
2024-01-01 10:11:25,116.90456169327601,25
2024-01-01 10:11:30,117.62731894314376,24
2024-01-01 10:11:35,116.9226328711601,67
2024-01-01 10:11:40,116.12787359094607,0
2024-01-01 10:11:45,115.908322983733,91
2024-01-01 10:11:50,115.14784738697583,30
2024-01-01 10:11:55,115.57832815545646,43
2024-01-01 10:12:00,115.78008500861402,85
2024-01-01 10:12:05,116.56970695626387,83
2024-01-01 10:12:10,117.10646121519505,92
2024-01-01 10:12:15,116.31773174350374,12
2024-01-01 10:12:20,115.90667358924186,27
2024-01-01 10:12:25,115.5640045398785,81
2024-01-01 10:12:30,115.70622249389727,22
2024-01-01 10:12:35,116.06285984209842,41
2024-01-01 10:12:40,115.99823896675166,20
2024-01-01 10:12:45,116.44466184306334,71
2024-01-01 10:12:50,115.39136103673573,56
2024-01-01 10:12:55,115.38659033471758,61
2024-01-01 10:13:00,115.02462839372998,28
2024-01-01 10:13:05,114.96278280923897,99
2024-01-01 10:13:10,113.90396809287343,32
2024-01-01 10:13:15,114.7643485903629,84
2024-01-01 10:13:20,114.64003040796254,50
2024-01-01 10:13:25,113.5948834979484,1
2024-01-01 10:13:30,112.86864101834261,21
2024-01-01 10:13:35,112.39671081797927,97
2024-01-01 10:13:40,112.69520070410537,91
2024-01-01 10:13:45,113.69775486109208,78
2024-01-01 10:13:50,114.80518992056804,30
2024-01-01 10:13:55,115.22950111925985,33
2024-01-01 10:14:00,114.4690714845445,25
2024-01-01 10:14:05,114.2484099721074,41
2024-01-01 10:14:10,114.52829675208638,26
2024-01-01 10:14:15,115.21832216664427,44
2024-01-01 10:14:20,114.76786021578813,50
2024-01-01 10:14:25,114.55841685116958,86
2024-01-01 10:14:30,114.97646443000956,7
2024-01-01 10:14:35,115.00187111240818,39
2024-01-01 10:14:40,115.86273056381083,25
2024-01-01 10:14:45,117.01506156437809,22
2024-01-01 10:14:50,116.6328859992203,7
2024-01-01 10:14:55,116.62125431521311,44
2024-01-01 10:15:00,116.79120891469103,46
2024-01-01 10:15:05,116.44850730904076,74
2024-01-01 10:15:10,115.68497814556666,92
2024-01-01 10:15:15,116.76516172780428,73
2024-01-01 10:15:20,115.99610316508857,24
2024-01-01 10:15:25,116.59427218088577,72
2024-01-01 10:15:30,117.63888539618281,61
2024-01-01 10:15:35,117.76018227502202,0
2024-01-01 10:15:40,118.60559016026309,10
2024-01-01 10:15:45,117.76278086809569,8
2024-01-01 10:15:50,117.21746523266897,56
2024-01-01 10:15:55,118.09582296288974,69
2024-01-01 10:16:00,117.65481955645483,14
2024-01-01 10:16:05,117.26404075936652,81
2024-01-01 10:16:10,118.05503155302017,19
2024-01-01 10:16:15,117.8995395987921,25
2024-01-01 10:16:20,118.02514423143491,71
2024-01-01 10:16:25,118.44727495626586,12
2024-01-01 10:16:30,118.28703233600636,47
2024-01-01 10:16:35,118.37106643825736,78
2024-01-01 10:16:40,118.47331086350518,14
2024-01-01 10:16:45,117.86831553446491,51
2024-01-01 10:16:50,118.01550123947834,2
2024-01-01 10:16:55,118.04295673780916,2
2024-01-01 10:17:00,117.78652239030782,34
2024-01-01 10:17:05,117.54940586846985,54
2024-01-01 10:17:10,118.19051904212552,50
2024-01-01 10:17:15,118.70937611191493,19
2024-01-01 10:17:20,119.47515303101,29
2024-01-01 10:17:25,118.64776620998148,54
2024-01-01 10:17:30,117.83215594477979,60
2024-01-01 10:17:35,118.64435120993186,10
2024-01-01 10:17:40,119.39334079956154,13
2024-01-01 10:17:45,119.07011877115524,15
2024-01-01 10:17:50,119.55116192426239,92
2024-01-01 10:17:55,120.46873555839518,82
2024-01-01 10:18:00,120.25112778572887,90
2024-01-01 10:18:05,121.10663181776222,31
2024-01-01 10:18:10,121.35152149828279,56
2024-01-01 10:18:15,122.05490811887314,33
2024-01-01 10:18:20,121.4294016778934,31
2024-01-01 10:18:25,120.38036630093137,83
2024-01-01 10:18:30,120.5366807253319,16
2024-01-01 10:18:35,121.2564994243213,49
2024-01-01 10:18:40,120.54934142700408,63
2024-01-01 10:18:45,119.53492319865292,23
2024-01-01 10:18:50,118.50804687844786,84
2024-01-01 10:18:55,118.78813367393334,44
2024-01-01 10:19:00,119.82849874284875,64
2024-01-01 10:19:05,119.19865489815706,67
2024-01-01 10:19:10,120.23398635046715,14
2024-01-01 10:19:15,121.33404162458467,25
2024-01-01 10:19:20,121.56670306490214,21
2024-01-01 10:19:25,120.39873322445,74
2024-01-01 10:19:30,121.25264544628897,5
2024-01-01 10:19:35,120.08508248123614,99
2024-01-01 10:19:40,118.88679539010845,45
2024-01-01 10:19:45,118.05512039580013,24
2024-01-01 10:19:50,117.32111941762095,62
2024-01-01 10:19:55,116.25589943859502,61
2024-01-01 10:20:00,116.62924864398899,42
2024-01-01 10:20:05,117.49435619957399,95
2024-01-01 10:20:10,118.00641341755467,21
2024-01-01 10:20:15,118.71186567713478,15
2024-01-01 10:20:20,119.40814443237032,66
2024-01-01 10:20:25,118.97142900320189,62
2024-01-01 10:20:30,119.36566344158095,87
2024-01-01 10:20:35,118.79070471261457,97
2024-01-01 10:20:40,119.27105057157655,12
2024-01-01 10:20:45,119.64895614855575,82
2024-01-01 10:20:50,120.02524410036291,51
2024-01-01 10:20:55,119.406175168739,18
2024-01-01 10:21:00,119.52415650567792,78
2024-01-01 10:21:05,119.97486486882973,41
2024-01-01 10:21:10,119.81230998677967,22
2024-01-01 10:21:15,118.83738785626039,13
2024-01-01 10:21:20,119.09027287671634,67
2024-01-01 10:21:25,119.02583940117104,28
2024-01-01 10:21:30,119.19641485522793,16
2024-01-01 10:21:35,118.37684103956755,89
2024-01-01 10:21:40,119.2894971645404,75
2024-01-01 10:21:45,119.14394615764529,86
2024-01-01 10:21:50,118.69254150075562,46
2024-01-01 10:21:55,118.9379428110925,59
2024-01-01 10:22:00,118.64116608973613,15
2024-01-01 10:22:05,118.34908638742935,65
2024-01-01 10:22:10,119.5265679213657,82
2024-01-01 10:22:15,119.2949886027324,93
2024-01-01 10:22:20,120.47521633290486,31
2024-01-01 10:22:25,121.41726476143717,18
2024-01-01 10:22:30,121.30902818872805,55
2024-01-01 10:22:35,121.78291845840249,55
2024-01-01 10:22:40,122.71305248866794,39
2024-01-01 10:22:45,121.54840356761557,24
2024-01-01 10:22:50,122.65764581452454,36
2024-01-01 10:22:55,121.48225155600157,30
2024-01-01 10:23:00,122.0884423992311,57
2024-01-01 10:23:05,120.99313382863225,76
2024-01-01 10:23:10,120.89009794889998,11
2024-01-01 10:23:15,120.56884038505123,76
2024-01-01 10:23:20,121.52696757462044,77
2024-01-01 10:23:25,120.8149636616111,7
2024-01-01 10:23:30,121.10984807454321,0
2024-01-01 10:23:35,122.30621950436799,35
2024-01-01 10:23:40,122.5089260738019,34
2024-01-01 10:23:45,123.35148739608367,40
2024-01-01 10:23:50,122.9925085344349,23
2024-01-01 10:23:55,122.23432172191619,6
2024-01-01 10:24:00,121.34831213068898,23
2024-01-01 10:24:05,121.17474785727052,76
2024-01-01 10:24:10,121.84047372732701,92
2024-01-01 10:24:15,121.82454076683685,47
2024-01-01 10:24:20,122.72098073839491,69
2024-01-01 10:24:25,123.18597012753824,54
2024-01-01 10:24:30,124.13541000247136,33
2024-01-01 10:24:35,124.72146625483927,0
2024-01-01 10:24:40,124.03327302274846,59
2024-01-01 10:24:45,123.72816563094331,37
2024-01-01 10:24:50,124.139672560846,26
2024-01-01 10:24:55,123.41364358387406,22
2024-01-01 10:25:00,122.60094605660484,59
2024-01-01 10:25:05,123.3037737094885,11
2024-01-01 10:25:10,123.34947773396999,80
2024-01-01 10:25:15,123.81760424685987,54
2024-01-01 10:25:20,123.49259967891652,42
2024-01-01 10:25:25,123.46604923264312,58
2024-01-01 10:25:30,123.03218841202889,38
2024-01-01 10:25:35,122.12299953522279,30
2024-01-01 10:25:40,122.93285297988956,71
2024-01-01 10:25:45,122.03787605909606,70
2024-01-01 10:25:50,121.14795184436706,67
2024-01-01 10:25:55,121.94299842153437,9
2024-01-01 10:26:00,122.27141877097257,42
2024-01-01 10:26:05,122.75362213335428,49
2024-01-01 10:26:10,123.41318618325461,58
2024-01-01 10:26:15,124.63429066089198,36
2024-01-01 10:26:20,124.83390623987091,92
2024-01-01 10:26:25,125.4667108433598,46
2024-01-01 10:26:30,124.67469841367073,87
2024-01-01 10:26:35,125.03621849124731,64
2024-01-01 10:26:40,124.47856137157598,22
2024-01-01 10:26:45,123.70654681939706,82
2024-01-01 10:26:50,123.18131368113589,33
2024-01-01 10:26:55,122.64435677308637,16
2024-01-01 10:27:00,121.85207218329724,40
2024-01-01 10:27:05,121.2343342989846,33
2024-01-01 10:27:10,121.17759891996492,2
2024-01-01 10:27:15,120.19019776804906,24
2024-01-01 10:27:20,120.7334889309158,83
2024-01-01 10:27:25,120.17849630860962,36
2024-01-01 10:27:30,120.38493660974099,79
2024-01-01 10:27:35,119.84610422096664,33
2024-01-01 10:27:40,119.8302605000712,54
2024-01-01 10:27:45,120.5952912283506,43
2024-01-01 10:27:50,120.85657909177677,86
2024-01-01 10:27:55,121.6786837940897,34
2024-01-01 10:28:00,120.90586426479113,28
2024-01-01 10:28:05,121.7607810446213,61
2024-01-01 10:28:10,122.92096425816972,38
2024-01-01 10:28:15,122.68307291403177,29
2024-01-01 10:28:20,123.32990543460289,94
2024-01-01 10:28:25,122.19248739617703,20
2024-01-01 10:28:30,123.19070612366576,56
2024-01-01 10:28:35,124.08977839019822,84
2024-01-01 10:28:40,124.37659970596044,54
2024-01-01 10:28:45,125.49282680503862,46
2024-01-01 10:28:50,126.29273265721004,44
2024-01-01 10:28:55,126.5903217330559,22
2024-01-01 10:29:00,126.15162413170093,80
2024-01-01 10:29:05,125.55569410472731,75
2024-01-01 10:29:10,125.5471259754661,74
2024-01-01 10:29:15,125.00497212021827,45
2024-01-01 10:29:20,124.70969860840825,81
2024-01-01 10:29:25,124.74902563934205,16
2024-01-01 10:29:30,123.92560882314339,77
2024-01-01 10:29:35,123.62377849688951,8
2024-01-01 10:29:40,122.96576385304769,32
2024-01-01 10:29:45,123.3430919782424,97
2024-01-01 10:29:50,123.99652596474844,27
2024-01-01 10:29:55,124.23544411108169,22
2024-01-01 10:30:00,124.79256238964847,48
2024-01-01 10:30:05,125.58890678050658,53
2024-01-01 10:30:10,124.96446136194393,18
2024-01-01 10:30:15,125.22904080991718,58
2024-01-01 10:30:20,125.26484244716592,50
2024-01-01 10:30:25,125.74743857132465,23
2024-01-01 10:30:30,124.86317580552279,10
2024-01-01 10:30:35,125.69774020105115,95
2024-01-01 10:30:40,125.26940494769315,12
2024-01-01 10:30:45,125.83802868502816,13
2024-01-01 10:30:50,125.71786823141612,17
2024-01-01 10:30:55,126.75238054664295,86
2024-01-01 10:31:00,127.84730354960112,4
2024-01-01 10:31:05,128.3901614398638,95
2024-01-01 10:31:10,128.07777604132752,71
2024-01-01 10:31:15,128.86358184577213,75
2024-01-01 10:31:20,127.79789264528311,68
2024-01-01 10:31:25,127.93061179490711,45
2024-01-01 10:31:30,126.80522101096386,87
2024-01-01 10:31:35,126.70845894583843,82
2024-01-01 10:31:40,127.36845772735315,6
2024-01-01 10:31:45,126.49710458363326,30
2024-01-01 10:31:50,126.34045617368382,53
2024-01-01 10:31:55,127.01755274549863,52
2024-01-01 10:32:00,127.72730841002023,73
2024-01-01 10:32:05,126.89312296382198,9
2024-01-01 10:32:10,127.36656488522415,92
2024-01-01 10:32:15,127.82750766731067,8
2024-01-01 10:32:20,126.61061911901689,40
2024-01-01 10:32:25,125.38333255490268,40
2024-01-01 10:32:30,125.55326502213404,28
2024-01-01 10:32:35,126.06371089809926,41
2024-01-01 10:32:40,127.17124249424687,94
2024-01-01 10:32:45,127.54151052587505,72
2024-01-01 10:32:50,128.41801573447177,80
2024-01-01 10:32:55,128.48491873331548,28
2024-01-01 10:33:00,128.09143672476472,61
2024-01-01 10:33:05,128.18821026884603,48
2024-01-01 10:33:10,127.60895379569685,56
2024-01-01 10:33:15,128.65312063788144,95
2024-01-01 10:33:20,128.00107322034196,41
2024-01-01 10:33:25,128.4511181015825,44
2024-01-01 10:33:30,129.03546536560953,28
2024-01-01 10:33:35,128.6790335604007,11
2024-01-01 10:33:40,128.5345009503699,48
2024-01-01 10:33:45,128.0167666037595,26
2024-01-01 10:33:50,128.15866411413714,99
2024-01-01 10:33:55,127.46247505943501,20
2024-01-01 10:34:00,126.43277794694293,33
2024-01-01 10:34:05,125.52459361923526,97
2024-01-01 10:34:10,125.15031164466514,19
2024-01-01 10:34:15,124.28965402089138,11
2024-01-01 10:34:20,125.42078623026497,92
2024-01-01 10:34:25,126.03982067440297,67
2024-01-01 10:34:30,127.19963695504596,4
2024-01-01 10:34:35,126.51243770430312,66
2024-01-01 10:34:40,125.52258502820337,52
2024-01-01 10:34:45,126.73683358382041,36
2024-01-01 10:34:50,126.05724843350447,49
2024-01-01 10:34:55,126.88181837489228,92
2024-01-01 10:35:00,128.10364864378357,42
2024-01-01 10:35:05,129.05716954157327,26
2024-01-01 10:35:10,129.60055140493984,53
2024-01-01 10:35:15,130.23998090878584,5
2024-01-01 10:35:20,130.935958643124,87
2024-01-01 10:35:25,130.6233102281508,7
2024-01-01 10:35:30,129.4291256367295,25
2024-01-01 10:35:35,129.93376137959922,83
2024-01-01 10:35:40,129.73939049670247,26
2024-01-01 10:35:45,129.87615613061888,95
2024-01-01 10:35:50,129.26389564499698,39
2024-01-01 10:35:55,128.49327598163563,63
2024-01-01 10:36:00,129.32994378614148,81
2024-01-01 10:36:05,128.36790155806113,56
2024-01-01 10:36:10,127.53287018883894,68
2024-01-01 10:36:15,127.32945908852535,36
2024-01-01 10:36:20,126.34419703580174,56
2024-01-01 10:36:25,127.46080346843816,2
2024-01-01 10:36:30,126.27496948646588,80
2024-01-01 10:36:35,125.76442611990944,89
2024-01-01 10:36:40,125.14645820352838,97
2024-01-01 10:36:45,126.16699643590013,27
2024-01-01 10:36:50,125.49501370205536,84
2024-01-01 10:36:55,125.59400766362377,61
2024-01-01 10:37:00,124.73855988411502,80
2024-01-01 10:37:05,125.01590503327888,23
2024-01-01 10:37:10,125.66402529666723,45
2024-01-01 10:37:15,124.90128394656548,49
2024-01-01 10:37:20,125.5317880667928,15
2024-01-01 10:37:25,126.13125115983928,13
2024-01-01 10:37:30,126.89356129533746,61
2024-01-01 10:37:35,127.9791752440017,8
2024-01-01 10:37:40,128.2551441788544,59
2024-01-01 10:37:45,127.37141251352544,50
2024-01-01 10:37:50,127.63854924038027,20
2024-01-01 10:37:55,128.46190388284046,82
2024-01-01 10:38:00,129.12759465516072,5
2024-01-01 10:38:05,129.252521652132,78
2024-01-01 10:38:10,128.86844310278397,61
2024-01-01 10:38:15,128.8047606724009,50
2024-01-01 10:38:20,127.79214600959048,83
2024-01-01 10:38:25,127.9724758332823,49
2024-01-01 10:38:30,127.3741174544491,94
2024-01-01 10:38:35,126.28602104711518,8
2024-01-01 10:38:40,126.27071290015377,88
2024-01-01 10:38:45,125.95773839703739,8
2024-01-01 10:38:50,126.56397104667312,16
2024-01-01 10:38:55,125.44558484776476,6
2024-01-01 10:39:00,126.45792242178946,96
2024-01-01 10:39:05,126.8709526599893,5
2024-01-01 10:39:10,125.73780722168047,82
2024-01-01 10:39:15,126.19290687477388,47
2024-01-01 10:39:20,127.16933423124983,75
2024-01-01 10:39:25,127.0022430678714,18
2024-01-01 10:39:30,127.04314868329229,87
2024-01-01 10:39:35,127.9895031072355,32
2024-01-01 10:39:40,128.66228041269812,83
2024-01-01 10:39:45,129.1430721268153,0
2024-01-01 10:39:50,128.5095871255607,47
2024-01-01 10:39:55,128.85072621894892,8
2024-01-01 10:40:00,129.95315662996794,81
2024-01-01 10:40:05,129.06746903152586,59
2024-01-01 10:40:10,130.09101503649836,64
2024-01-01 10:40:15,130.3037893744492,20
2024-01-01 10:40:20,129.9662312119705,32
2024-01-01 10:40:25,130.26877508395256,27
2024-01-01 10:40:30,131.0713119131317,21
2024-01-01 10:40:35,132.00571512297134,47
2024-01-01 10:40:40,132.08999342633973,12
2024-01-01 10:40:45,131.68819346228804,73
2024-01-01 10:40:50,130.7115513491674,94
2024-01-01 10:40:55,130.11891883771614,4
2024-01-01 10:41:00,130.9357302220551,91
2024-01-01 10:41:05,132.17418687580994,50
2024-01-01 10:41:10,131.39624437582833,57
2024-01-01 10:41:15,130.70967479066002,76
2024-01-01 10:41:20,130.72632289167692,6
2024-01-01 10:41:25,130.58530762714807,16
2024-01-01 10:41:30,131.36806851543406,11
2024-01-01 10:41:35,131.48293563684544,50
2024-01-01 10:41:40,131.95547350803312,71
2024-01-01 10:41:45,131.65961328154856,0
2024-01-01 10:41:50,132.86876660848245,38
2024-01-01 10:41:55,133.78857682699206,28
2024-01-01 10:42:00,135.1253655420162,92
2024-01-01 10:42:05,135.24541878779903,42
2024-01-01 10:42:10,135.6031323018283,85
2024-01-01 10:42:15,135.84372869949107,30
2024-01-01 10:42:20,136.65971415695248,74
2024-01-01 10:42:25,137.05910402778335,12
2024-01-01 10:42:30,138.3311927821375,7
2024-01-01 10:42:35,139.61263169383543,94
2024-01-01 10:42:40,140.83415791658337,4
2024-01-01 10:42:45,141.61790800489868,64
2024-01-01 10:42:50,142.88150451797216,71
2024-01-01 10:42:55,141.98748747090997,39
2024-01-01 10:43:00,141.82916905189148,84
2024-01-01 10:43:05,142.1474459071591,27
2024-01-01 10:43:10,141.4789893410461,31
2024-01-01 10:43:15,140.83278432442293,41
2024-01-01 10:43:20,139.98546427155472,5
2024-01-01 10:43:25,141.32061963203225,57
2024-01-01 10:43:30,140.18003545154917,48
2024-01-01 10:43:35,141.02507941031408,63
2024-01-01 10:43:40,140.05241985472696,3
2024-01-01 10:43:45,140.19086422747029,72
2024-01-01 10:43:50,139.80341791541895,64
2024-01-01 10:43:55,140.65786846460807,94
2024-01-01 10:44:00,139.50100924830483,27
2024-01-01 10:44:05,140.12323996676102,1
2024-01-01 10:44:10,139.06577654783987,66
2024-01-01 10:44:15,137.96891734809574,52
2024-01-01 10:44:20,137.02787377121257,34
2024-01-01 10:44:25,137.67650400958294,90
2024-01-01 10:44:30,138.44127088598052,15
2024-01-01 10:44:35,137.89842546964152,45
2024-01-01 10:44:40,137.9567261761529,52
2024-01-01 10:44:45,138.8616343504882,2
2024-01-01 10:44:50,137.92564330246947,70
2024-01-01 10:44:55,137.93178871661019,30
2024-01-01 10:45:00,138.71259488119995,28
2024-01-01 10:45:05,139.26586775141533,89
2024-01-01 10:45:10,138.0548251051519,18
2024-01-01 10:45:15,138.5987052748774,8
2024-01-01 10:45:20,137.99490067086015,12
2024-01-01 10:45:25,138.3308633262081,25
2024-01-01 10:45:30,139.24977072977737,20
2024-01-01 10:45:35,140.40379970551598,20
2024-01-01 10:45:40,140.7948384023047,83
2024-01-01 10:45:45,141.422965394586,1
2024-01-01 10:45:50,140.39729530389977,80
2024-01-01 10:45:55,139.08641016015062,57
2024-01-01 10:46:00,137.95368401825974,73
2024-01-01 10:46:05,138.26859229118213,68
2024-01-01 10:46:10,137.7550871012323,6
2024-01-01 10:46:15,137.578524528085,57
2024-01-01 10:46:20,138.03804141943195,99
2024-01-01 10:46:25,137.83972780129207,39
2024-01-01 10:46:30,138.38847226412977,65
2024-01-01 10:46:35,139.34332209345058,58
2024-01-01 10:46:40,138.23024798792423,57
2024-01-01 10:46:45,137.69295723393444,49
2024-01-01 10:46:50,137.36398310169412,25
2024-01-01 10:46:55,136.17940364364256,77
2024-01-01 10:47:00,136.55876261010565,8
2024-01-01 10:47:05,135.35141564378725,40
2024-01-01 10:47:10,136.10265687099246,57
2024-01-01 10:47:15,136.99921822365292,12
2024-01-01 10:47:20,137.91795300583996,99
2024-01-01 10:47:25,136.68256596773438,39
2024-01-01 10:47:30,135.8918063506571,74
2024-01-01 10:47:35,136.4223977984859,96
2024-01-01 10:47:40,135.33138245132014,65
2024-01-01 10:47:45,135.03670416889247,25
2024-01-01 10:47:50,134.57720728128288,76
2024-01-01 10:47:55,135.48020541825525,78
2024-01-01 10:48:00,134.5200282152584,57
2024-01-01 10:48:05,134.62711093066116,80
2024-01-01 10:48:10,135.70283929365831,18
2024-01-01 10:48:15,135.53117077156801,80
2024-01-01 10:48:20,135.1111965980955,85
2024-01-01 10:48:25,133.83659006935673,21
2024-01-01 10:48:30,133.92401621496086,65
2024-01-01 10:48:35,133.19598404258798,56
2024-01-01 10:48:40,132.00802816956843,55
2024-01-01 10:48:45,133.1845121948171,80
2024-01-01 10:48:50,132.98909632753617,57
2024-01-01 10:48:55,132.4022747193281,68
2024-01-01 10:49:00,133.33397398680256,93
2024-01-01 10:49:05,132.0387075932427,77
2024-01-01 10:49:10,130.81368155083797,44
2024-01-01 10:49:15,130.70885661919976,64
2024-01-01 10:49:20,131.66569447587028,60
2024-01-01 10:49:25,131.54116119659363,46
2024-01-01 10:49:30,132.43652437222812,76
2024-01-01 10:49:35,131.52599144193087,86
2024-01-01 10:49:40,131.47485717673663,84
2024-01-01 10:49:45,132.4761133644078,10
2024-01-01 10:49:50,131.46323658495115,4
2024-01-01 10:49:55,132.09721906061344,39
2024-01-01 10:50:00,131.56465402937155,83
2024-01-01 10:50:05,132.6638699363534,63
2024-01-01 10:50:10,132.82715116238927,26
2024-01-01 10:50:15,133.73032221133107,20
2024-01-01 10:50:20,133.03930347416278,69
2024-01-01 10:50:25,132.19042501546147,39
2024-01-01 10:50:30,130.96495654562779,12
2024-01-01 10:50:35,130.0351186342126,92
2024-01-01 10:50:40,130.23829894405395,65
2024-01-01 10:50:45,129.0640512778477,62
2024-01-01 10:50:50,129.28970168440918,65
2024-01-01 10:50:55,130.17563816626725,53
2024-01-01 10:51:00,130.2656003113477,52
2024-01-01 10:51:05,130.88637426513765,37
2024-01-01 10:51:10,129.96273817498405,99
2024-01-01 10:51:15,129.90100627854858,5
2024-01-01 10:51:20,129.42438052800043,14
2024-01-01 10:51:25,129.72983527639698,37
2024-01-01 10:51:30,130.88863925407716,10
2024-01-01 10:51:35,129.94282557100118,57
2024-01-01 10:51:40,130.18442792397306,15
2024-01-01 10:51:45,130.16688643039606,67
2024-01-01 10:51:50,129.1266960515058,61
2024-01-01 10:51:55,129.76323164685775,95
2024-01-01 10:52:00,128.51667481749175,8
2024-01-01 10:52:05,127.84703743891966,9
2024-01-01 10:52:10,127.26968511282735,97
2024-01-01 10:52:15,126.2115739601449,77
2024-01-01 10:52:20,125.4335740378552,74
2024-01-01 10:52:25,125.69656586633575,15
2024-01-01 10:52:30,125.89309281215121,86
2024-01-01 10:52:35,126.68533980348165,84
2024-01-01 10:52:40,125.81430092686256,57
2024-01-01 10:52:45,125.66375506557898,37
2024-01-01 10:52:50,126.58001917126762,32
2024-01-01 10:52:55,126.20984949635607,12
2024-01-01 10:53:00,126.04014007517247,8
2024-01-01 10:53:05,125.29451482588478,50
2024-01-01 10:53:10,126.21966091640806,32
2024-01-01 10:53:15,126.49494170889342,98
2024-01-01 10:53:20,127.58294734246874,99
2024-01-01 10:53:25,126.70725080105602,18
2024-01-01 10:53:30,126.88341562247396,73
2024-01-01 10:53:35,127.1659940395406,4
2024-01-01 10:53:40,127.55184358923087,48
2024-01-01 10:53:45,128.1163862655529,58
2024-01-01 10:53:50,128.42562239987257,92
2024-01-01 10:53:55,127.25512138835066,67
2024-01-01 10:54:00,128.2178001874825,56
2024-01-01 10:54:05,128.57736273759127,47
2024-01-01 10:54:10,129.24482325913058,95
2024-01-01 10:54:15,128.88313299442538,58
2024-01-01 10:54:20,128.09347303546724,34
2024-01-01 10:54:25,128.87885393029475,94
2024-01-01 10:54:30,128.72110328611814,58
2024-01-01 10:54:35,128.86071099245117,58
2024-01-01 10:54:40,128.3937632026978,78
2024-01-01 10:54:45,127.9921894088192,84
2024-01-01 10:54:50,128.1442313445706,90
2024-01-01 10:54:55,128.8149407087247,9
2024-01-01 10:55:00,128.52350866097498,34
2024-01-01 10:55:05,128.06058088558305,46
2024-01-01 10:55:10,129.2535224085922,6
2024-01-01 10:55:15,128.53323250680498,99
2024-01-01 10:55:20,128.7766170785049,54
2024-01-01 10:55:25,128.14199824962702,41
2024-01-01 10:55:30,128.04957794080548,49
2024-01-01 10:55:35,129.0003198851454,55
2024-01-01 10:55:40,128.60892320211246,28
2024-01-01 10:55:45,127.41571041409904,0
2024-01-01 10:55:50,128.22749155549172,13
2024-01-01 10:55:55,127.15033793800727,63
2024-01-01 10:56:00,126.54532023924014,87
2024-01-01 10:56:05,126.23893269324046,71
2024-01-01 10:56:10,125.0322824394614,33
2024-01-01 10:56:15,124.82855117875447,20
2024-01-01 10:56:20,125.81824305850438,24
2024-01-01 10:56:25,125.72034151470567,61
2024-01-01 10:56:30,125.79749975030941,88
2024-01-01 10:56:35,126.79376930760559,89
2024-01-01 10:56:40,125.89042190533529,10
2024-01-01 10:56:45,124.97134262705724,10
2024-01-01 10:56:50,125.41427991202059,13
2024-01-01 10:56:55,124.52833451042265,22
2024-01-01 10:57:00,123.72149454734563,21
2024-01-01 10:57:05,124.18465206859103,38
2024-01-01 10:57:10,123.86436779787944,85
2024-01-01 10:57:15,122.98341768171768,42
2024-01-01 10:57:20,122.61337836662896,43
2024-01-01 10:57:25,121.52287498589493,48
2024-01-01 10:57:30,122.7355059914807,46
2024-01-01 10:57:35,122.54567871523439,3
2024-01-01 10:57:40,123.24074094217724,78
2024-01-01 10:57:45,122.03408074296503,71
2024-01-01 10:57:50,121.53322857433662,52
2024-01-01 10:57:55,122.57046876154182,85
2024-01-01 10:58:00,121.5575558909353,56
2024-01-01 10:58:05,122.6756215427452,58
2024-01-01 10:58:10,122.94673383389758,84
2024-01-01 10:58:15,123.31198985624191,61
2024-01-01 10:58:20,122.34126016882634,55
2024-01-01 10:58:25,122.45980268597123,46
2024-01-01 10:58:30,122.85365758649536,17
2024-01-01 10:58:35,122.48728380153672,94
2024-01-01 10:58:40,123.63799636682356,26
2024-01-01 10:58:45,123.85153884763169,65
2024-01-01 10:58:50,124.24671015229991,44
2024-01-01 10:58:55,124.09437961573687,31
2024-01-01 10:59:00,124.3624125871304,20
2024-01-01 10:59:05,124.81347484430098,29
2024-01-01 10:59:10,125.06939397561696,63
2024-01-01 10:59:15,125.05705661740673,77
2024-01-01 10:59:20,126.1995198902845,50
2024-01-01 10:59:25,126.6241536544123,14
2024-01-01 10:59:30,126.25380230793337,99
2024-01-01 10:59:35,125.80603241813176,80
2024-01-01 10:59:40,125.75357434775142,76
2024-01-01 10:59:45,125.12127765150403,83
2024-01-01 10:59:50,124.15801172356959,79
2024-01-01 10:59:55,125.34281702179756,60
2024-01-01 11:00:00,125.54696604769003,46
2024-01-01 11:00:05,125.5079294863497,24
2024-01-01 11:00:10,126.53005113746457,5
2024-01-01 11:00:15,125.7682344715205,17
2024-01-01 11:00:20,125.55232890997205,37
2024-01-01 11:00:25,125.02829152563785,32
2024-01-01 11:00:30,124.86005538981684,32
2024-01-01 11:00:35,124.99853021326956,79
2024-01-01 11:00:40,126.02501881941102,65
2024-01-01 11:00:45,125.19171542094944,8
2024-01-01 11:00:50,124.53933166395252,28
2024-01-01 11:00:55,123.47400375500595,67
2024-01-01 11:01:00,122.3132442427049,42
2024-01-01 11:01:05,121.70285444929935,39
2024-01-01 11:01:10,121.61980246328697,18
2024-01-01 11:01:15,121.23113233777119,54
2024-01-01 11:01:20,122.2185543083261,69
2024-01-01 11:01:25,121.4853458851121,8
2024-01-01 11:01:30,120.49258231838512,19
2024-01-01 11:01:35,121.61861232481911,55
2024-01-01 11:01:40,122.29624133279472,75
2024-01-01 11:01:45,122.4122068134224,14
2024-01-01 11:01:50,121.56697544126688,94
2024-01-01 11:01:55,121.84745453024676,79
2024-01-01 11:02:00,122.28521707989431,69
2024-01-01 11:02:05,121.19368426668525,84
2024-01-01 11:02:10,122.34724732184084,6
2024-01-01 11:02:15,122.7735252941653,73
2024-01-01 11:02:20,123.18599150127243,90
2024-01-01 11:02:25,122.96519439129113,89
2024-01-01 11:02:30,123.45739339081817,41
2024-01-01 11:02:35,122.6982917951571,96
2024-01-01 11:02:40,122.38962331689618,12
2024-01-01 11:02:45,122.48977114299649,61
2024-01-01 11:02:50,122.57723264273251,62
2024-01-01 11:02:55,123.10017241371936,35
2024-01-01 11:03:00,123.85721275489477,59
2024-01-01 11:03:05,124.20877386269767,38
2024-01-01 11:03:10,124.81725376551881,83
2024-01-01 11:03:15,123.86354066471466,63
2024-01-01 11:03:20,123.4561071387205,33
2024-01-01 11:03:25,123.74986591257667,59
2024-01-01 11:03:30,124.70408456039674,38
2024-01-01 11:03:35,125.43563765020842,54
2024-01-01 11:03:40,126.18409410150848,54
2024-01-01 11:03:45,125.68652770423088,44
2024-01-01 11:03:50,124.45133717370392,65
2024-01-01 11:03:55,124.05058203525175,19
2024-01-01 11:04:00,124.47966095600628,22
2024-01-01 11:04:05,125.12494149417206,53
2024-01-01 11:04:10,126.04528172872028,18
2024-01-01 11:04:15,125.29413696814295,31
2024-01-01 11:04:20,126.38449004114719,83
2024-01-01 11:04:25,126.03389307034433,72
2024-01-01 11:04:30,125.40849884887558,26
2024-01-01 11:04:35,124.40728397599318,30
2024-01-01 11:04:40,124.43809354811867,6
2024-01-01 11:04:45,123.99522999660293,75
2024-01-01 11:04:50,123.41143950607145,2
2024-01-01 11:04:55,122.31598878807613,82
2024-01-01 11:05:00,122.35461330351933,99
2024-01-01 11:05:05,123.52687424002008,22
2024-01-01 11:05:10,122.4971147162006,16
2024-01-01 11:05:15,121.9845405414398,16
2024-01-01 11:05:20,122.92646902475262,0
2024-01-01 11:05:25,123.52703141539008,87
2024-01-01 11:05:30,123.83920969487032,37
2024-01-01 11:05:35,123.38272500397096,35
2024-01-01 11:05:40,124.08390672836266,71
2024-01-01 11:05:45,125.04292454853699,48
2024-01-01 11:05:50,125.83501958781406,11
2024-01-01 11:05:55,126.866602679325,39
2024-01-01 11:06:00,126.78162627423558,29
2024-01-01 11:06:05,126.1491034929879,47
2024-01-01 11:06:10,126.34895915932267,35
2024-01-01 11:06:15,125.89776767833655,10
2024-01-01 11:06:20,124.95982958834152,96
2024-01-01 11:06:25,125.11753137394156,60
2024-01-01 11:06:30,126.08168998693353,91
2024-01-01 11:06:35,125.74878584317125,26
2024-01-01 11:06:40,124.79967906167114,38
2024-01-01 11:06:45,125.69082943550634,12
2024-01-01 11:06:50,126.92561092738882,94
2024-01-01 11:06:55,126.77984815462676,65
2024-01-01 11:07:00,126.83956497637391,5
2024-01-01 11:07:05,126.60648445258708,20
2024-01-01 11:07:10,127.08953009489555,73
2024-01-01 11:07:15,127.45762830722535,43
2024-01-01 11:07:20,127.23563770171234,11
2024-01-01 11:07:25,127.9568163193859,79
2024-01-01 11:07:30,127.35582763984075,19
2024-01-01 11:07:35,127.69117996439816,47
2024-01-01 11:07:40,127.01943823930165,1
2024-01-01 11:07:45,127.78324418019268,35
2024-01-01 11:07:50,127.09837198468676,24
2024-01-01 11:07:55,125.89780330959961,10
2024-01-01 11:08:00,125.44774924867947,42
2024-01-01 11:08:05,125.27857196503443,2
2024-01-01 11:08:10,126.01076309873507,26
2024-01-01 11:08:15,127.23171938953861,18
2024-01-01 11:08:20,126.03678724661911,48
2024-01-01 11:08:25,125.37698940886196,95
2024-01-01 11:08:30,125.60837565787416,2
2024-01-01 11:08:35,126.31402973616538,41
2024-01-01 11:08:40,125.32155019952341,81
2024-01-01 11:08:45,124.77130761914849,21
2024-01-01 11:08:50,124.72558857042125,20
2024-01-01 11:08:55,123.84816056886469,36
2024-01-01 11:09:00,124.67177395678041,55
2024-01-01 11:09:05,125.86308413210045,52
2024-01-01 11:09:10,127.08073427084963,97
2024-01-01 11:09:15,127.96612830739639,73
2024-01-01 11:09:20,126.88171900222528,34
2024-01-01 11:09:25,125.98078655438725,51
2024-01-01 11:09:30,126.96660467642174,69
2024-01-01 11:09:35,127.59143432258726,96
2024-01-01 11:09:40,126.92843785808058,61
2024-01-01 11:09:45,126.44441094447944,18
2024-01-01 11:09:50,126.57070314399607,1
2024-01-01 11:09:55,126.72974645342825,95
2024-01-01 11:10:00,127.0632679776613,91
2024-01-01 11:10:05,126.86353786178236,57
2024-01-01 11:10:10,125.8187706576032,16
2024-01-01 11:10:15,126.68937791170853,55
2024-01-01 11:10:20,127.32215027674343,5
2024-01-01 11:10:25,127.92860883955228,32
2024-01-01 11:10:30,127.73887227222225,78
2024-01-01 11:10:35,128.95978171681963,78
2024-01-01 11:10:40,128.16731173076573,10
2024-01-01 11:10:45,128.33135540141498,91
2024-01-01 11:10:50,129.21549228532044,37
2024-01-01 11:10:55,128.89185159765097,65
2024-01-01 11:11:00,130.00049953486803,32
2024-01-01 11:11:05,129.75605755144295,45
2024-01-01 11:11:10,128.5140681673465,41
2024-01-01 11:11:15,129.09754526103958,56
2024-01-01 11:11:20,128.63296310367133,23
2024-01-01 11:11:25,127.85359263480363,38
2024-01-01 11:11:30,128.1006553719139,74
2024-01-01 11:11:35,128.73972357602582,95
2024-01-01 11:11:40,127.84833915666965,96
2024-01-01 11:11:45,127.51368489432465,84
2024-01-01 11:11:50,127.6834599680669,72
2024-01-01 11:11:55,128.29335798391241,99
2024-01-01 11:12:00,129.28645160904412,41
2024-01-01 11:12:05,129.59750562032832,96
2024-01-01 11:12:10,129.4506332171697,67
2024-01-01 11:12:15,129.6648625526533,31
2024-01-01 11:12:20,129.51102673890756,19
2024-01-01 11:12:25,129.04894498285688,74
2024-01-01 11:12:30,128.00669258407345,26
2024-01-01 11:12:35,128.19790617660192,16
2024-01-01 11:12:40,127.8119150957837,47
2024-01-01 11:12:45,128.87048458251763,49
2024-01-01 11:12:50,129.77860551243697,82
2024-01-01 11:12:55,130.20459454848515,0
2024-01-01 11:13:00,128.9628353608961,14
2024-01-01 11:13:05,130.15280101068439,22
2024-01-01 11:13:10,130.19755500436676,67
2024-01-01 11:13:15,130.04594062492896,70
2024-01-01 11:13:20,130.72761550172947,95
2024-01-01 11:13:25,130.17027832642185,32
2024-01-01 11:13:30,131.10201978608288,63
2024-01-01 11:13:35,131.50395235039855,18
2024-01-01 11:13:40,132.36429995345148,88
2024-01-01 11:13:45,131.4276065195991,62
2024-01-01 11:13:50,130.8431784121847,7
2024-01-01 11:13:55,131.36693864554283,79
2024-01-01 11:14:00,132.38210831702577,35
2024-01-01 11:14:05,133.08002497172575,51
2024-01-01 11:14:10,132.28191480053533,31
2024-01-01 11:14:15,131.2575182437943,56
2024-01-01 11:14:20,131.60051005490715,20
2024-01-01 11:14:25,131.85887516538006,99
2024-01-01 11:14:30,133.17380946546086,74
2024-01-01 11:14:35,133.14043945374274,1
2024-01-01 11:14:40,133.54750402267712,87
2024-01-01 11:14:45,132.6505394104171,32
2024-01-01 11:14:50,133.82529642128242,1
2024-01-01 11:14:55,134.42165354420916,90
2024-01-01 11:15:00,134.95437090507363,6
2024-01-01 11:15:05,134.12445059613947,98
2024-01-01 11:15:10,134.51272701272174,57
2024-01-01 11:15:15,134.25979844299448,32
2024-01-01 11:15:20,134.86588496351752,71
2024-01-01 11:15:25,133.68639964081225,56
2024-01-01 11:15:30,134.1220845817515,65
2024-01-01 11:15:35,133.223256004662,32
2024-01-01 11:15:40,132.62360897166508,71
2024-01-01 11:15:45,131.30136758006483,33
2024-01-01 11:15:50,131.18271138731004,30
2024-01-01 11:15:55,129.8750785697265,52
2024-01-01 11:16:00,130.151937662635,19
2024-01-01 11:16:05,130.87689323419295,59
2024-01-01 11:16:10,130.8827247038607,91
2024-01-01 11:16:15,130.3124080431415,65
2024-01-01 11:16:20,130.49089168491082,35
2024-01-01 11:16:25,129.23587687435733,53
2024-01-01 11:16:30,130.3549866667023,15
2024-01-01 11:16:35,130.8210046099306,41
2024-01-01 11:16:40,130.85898854821139,55
2024-01-01 11:16:45,130.11414775029368,92
2024-01-01 11:16:50,130.37320205989545,32
2024-01-01 11:16:55,129.9969047022126,29
2024-01-01 11:17:00,130.3937102618633,89
2024-01-01 11:17:05,129.79642412681017,0
2024-01-01 11:17:10,130.38279108606196,80
2024-01-01 11:17:15,131.1788408349564,8
2024-01-01 11:17:20,130.29996314820883,87
2024-01-01 11:17:25,130.8893379138937,87
2024-01-01 11:17:30,130.57907112137417,72
2024-01-01 11:17:35,130.50426255906015,98
2024-01-01 11:17:40,130.4452256413902,10
2024-01-01 11:17:45,130.80716304453387,7
2024-01-01 11:17:50,131.11714123400554,57
2024-01-01 11:17:55,130.123400366005,71
2024-01-01 11:18:00,128.85043595929824,99
2024-01-01 11:18:05,128.10437151893228,9
2024-01-01 11:18:10,128.6969444887633,17
2024-01-01 11:18:15,128.97019260316887,76
2024-01-01 11:18:20,129.01840546438834,84
2024-01-01 11:18:25,130.29692444102287,51
2024-01-01 11:18:30,129.78749456959437,7
2024-01-01 11:18:35,128.6212803439235,13
2024-01-01 11:18:40,129.71534321799302,13
2024-01-01 11:18:45,130.00522844637914,12
2024-01-01 11:18:50,130.5863232933496,76
2024-01-01 11:18:55,129.9493796857285,30
2024-01-01 11:19:00,129.76894293487112,98
2024-01-01 11:19:05,129.01233978368444,32
2024-01-01 11:19:10,128.85237011882646,4
2024-01-01 11:19:15,129.41705814376465,48
2024-01-01 11:19:20,129.02502169566586,80
2024-01-01 11:19:25,128.9537733130656,63
2024-01-01 11:19:30,128.99527175165295,42
2024-01-01 11:19:35,129.61963390822152,18
2024-01-01 11:19:40,128.51126844427148,36
2024-01-01 11:19:45,127.99109311265029,62
2024-01-01 11:19:50,126.9412411642154,24
2024-01-01 11:19:55,126.6420877092228,24
2024-01-01 11:20:00,126.27228925987797,37
2024-01-01 11:20:05,125.93215517846151,77
2024-01-01 11:20:10,124.69813313487927,98
2024-01-01 11:20:15,124.52027765356355,56
2024-01-01 11:20:20,123.32449014622932,63
2024-01-01 11:20:25,123.1708803680579,46
2024-01-01 11:20:30,122.33253228904994,55
2024-01-01 11:20:35,121.26182019939954,61
2024-01-01 11:20:40,121.19576886674972,56
2024-01-01 11:20:45,120.44016321599275,89
2024-01-01 11:20:50,120.91572526581612,79
2024-01-01 11:20:55,121.73051720081604,81
2024-01-01 11:21:00,121.94246957385202,8
2024-01-01 11:21:05,122.36480318404655,43
2024-01-01 11:21:10,122.18173728533768,46
2024-01-01 11:21:15,122.44635928190513,74
2024-01-01 11:21:20,121.42431177180087,55
2024-01-01 11:21:25,121.21588374069479,91
2024-01-01 11:21:30,120.76574149478577,74
2024-01-01 11:21:35,120.34359269677434,74
2024-01-01 11:21:40,119.38905372792425,12
2024-01-01 11:21:45,120.23055894339137,82
2024-01-01 11:21:50,121.23140601709767,78
2024-01-01 11:21:55,120.22756782342003,84
2024-01-01 11:22:00,120.73530297521528,1
2024-01-01 11:22:05,120.17236400987541,39
2024-01-01 11:22:10,120.74195180760782,20
2024-01-01 11:22:15,120.0672142658414,14
2024-01-01 11:22:20,120.59624802294228,52
2024-01-01 11:22:25,119.676954694933,91
2024-01-01 11:22:30,119.4296394211549,70
2024-01-01 11:22:35,120.08177581131994,30
2024-01-01 11:22:40,119.62614466490727,92
2024-01-01 11:22:45,120.10200021311636,62
2024-01-01 11:22:50,121.04071104025972,12
2024-01-01 11:22:55,120.81654992263893,97
2024-01-01 11:23:00,121.54628894840431,60
2024-01-01 11:23:05,121.79326448782096,44
2024-01-01 11:23:10,121.6074554666299,72
2024-01-01 11:23:15,120.53994795322583,35
2024-01-01 11:23:20,120.56568862208698,99
2024-01-01 11:23:25,121.20904053704018,22
2024-01-01 11:23:30,121.24473662274997,39
2024-01-01 11:23:35,121.09073939710956,49
2024-01-01 11:23:40,121.60178477297694,24
2024-01-01 11:23:45,120.97872313044809,88
2024-01-01 11:23:50,121.55229412205672,66
2024-01-01 11:23:55,121.50712630159252,28
2024-01-01 11:24:00,122.32573782725594,69
2024-01-01 11:24:05,121.29554308375616,5
2024-01-01 11:24:10,122.13851467061941,94
2024-01-01 11:24:15,121.93058842989277,10
2024-01-01 11:24:20,121.35644696314239,9
2024-01-01 11:24:25,121.04526996120991,39
2024-01-01 11:24:30,120.48087516218497,45
2024-01-01 11:24:35,121.41640243744821,40
2024-01-01 11:24:40,121.35283923305892,37
2024-01-01 11:24:45,121.17902246287449,44
2024-01-01 11:24:50,122.17924657166084,98
2024-01-01 11:24:55,122.56269106975553,17
2024-01-01 11:25:00,123.58735888163542,80
2024-01-01 11:25:05,122.5118536509941,77
2024-01-01 11:25:10,123.55652540826034,31
2024-01-01 11:25:15,123.89093445824233,58
2024-01-01 11:25:20,124.59349343070743,0
2024-01-01 11:25:25,123.36302746257867,1
2024-01-01 11:25:30,122.48533103706842,53
2024-01-01 11:25:35,121.90582210746588,96
2024-01-01 11:25:40,122.56934387277487,41
2024-01-01 11:25:45,122.12366260632457,39
2024-01-01 11:25:50,122.5749753081863,42
2024-01-01 11:25:55,122.17744687193775,57
2024-01-01 11:26:00,122.55243214866682,16
2024-01-01 11:26:05,121.98420944074729,10
2024-01-01 11:26:10,122.05136321268489,69
2024-01-01 11:26:15,121.68689558476163,10
2024-01-01 11:26:20,122.87514788042223,67
2024-01-01 11:26:25,123.14055205569223,40
2024-01-01 11:26:30,123.21520204189056,78
2024-01-01 11:26:35,123.09965073381571,26
2024-01-01 11:26:40,124.0591831277589,58
2024-01-01 11:26:45,124.72394040390999,80
2024-01-01 11:26:50,125.08892584892381,2
2024-01-01 11:26:55,125.05593289893348,3
2024-01-01 11:27:00,125.24000089218619,4
2024-01-01 11:27:05,125.33200898254921,34
2024-01-01 11:27:10,126.35647327105728,27
2024-01-01 11:27:15,125.54584160291577,67
2024-01-01 11:27:20,126.5342304128077,99
2024-01-01 11:27:25,125.88697129818499,74
2024-01-01 11:27:30,127.12003427870866,71
2024-01-01 11:27:35,126.66451057255641,64
2024-01-01 11:27:40,126.01174271675347,67
2024-01-01 11:27:45,125.2689425700483,44
2024-01-01 11:27:50,124.3029057666172,80
2024-01-01 11:27:55,124.39043048359876,90
2024-01-01 11:28:00,125.12790210798342,3
2024-01-01 11:28:05,124.70201435366019,22
2024-01-01 11:28:10,125.30388111135534,48
2024-01-01 11:28:15,126.38633462647222,62
2024-01-01 11:28:20,126.19844584785062,81
2024-01-01 11:28:25,125.35615316189735,33
2024-01-01 11:28:30,124.53423726589713,82
2024-01-01 11:28:35,124.64960504912226,20
2024-01-01 11:28:40,123.83934097675713,35
2024-01-01 11:28:45,122.82148206809413,5
2024-01-01 11:28:50,121.8002825130709,41
2024-01-01 11:28:55,121.17200170541973,36
2024-01-01 11:29:00,120.28099123653296,71
2024-01-01 11:29:05,119.33308776703814,28
2024-01-01 11:29:10,118.65052575232409,61
2024-01-01 11:29:15,118.72426160701266,98
2024-01-01 11:29:20,118.24354681837187,43
2024-01-01 11:29:25,118.98989320269618,86
2024-01-01 11:29:30,118.99456171741467,85
2024-01-01 11:29:35,119.11416275239027,1
2024-01-01 11:29:40,119.33069355780621,78
2024-01-01 11:29:45,120.15037133821541,32
2024-01-01 11:29:50,119.59317898458654,28
2024-01-01 11:29:55,120.57715272416105,60
2024-01-01 11:30:00,121.76952614195498,71
2024-01-01 11:30:05,120.78072120790289,36
2024-01-01 11:30:10,120.39775245076963,78
2024-01-01 11:30:15,120.1348339135049,92
2024-01-01 11:30:20,120.22175655248306,93
2024-01-01 11:30:25,119.39885027312306,87
2024-01-01 11:30:30,119.3654873622357,55
2024-01-01 11:30:35,119.75188985892127,74
2024-01-01 11:30:40,120.91281794826622,94
2024-01-01 11:30:45,120.24298671557763,35
2024-01-01 11:30:50,120.59060335344434,82
2024-01-01 11:30:55,120.48788450506748,99
2024-01-01 11:31:00,121.34070697345544,46
2024-01-01 11:31:05,122.1718228518204,75
2024-01-01 11:31:10,121.57495485768794,86
2024-01-01 11:31:15,120.84408086003407,45
2024-01-01 11:31:20,121.07658689944597,86
2024-01-01 11:31:25,121.48574187851477,21
2024-01-01 11:31:30,120.53095035118099,31
2024-01-01 11:31:35,119.59541348934765,96
2024-01-01 11:31:40,120.23971688298883,68
2024-01-01 11:31:45,120.05879002493015,79
2024-01-01 11:31:50,120.00649769431726,75
2024-01-01 11:31:55,120.81344253014852,43
2024-01-01 11:32:00,120.08500095062016,38
2024-01-01 11:32:05,120.12228465538595,34
2024-01-01 11:32:10,119.63308014948902,95
2024-01-01 11:32:15,120.3762520436754,92
2024-01-01 11:32:20,119.75278932852902,90
2024-01-01 11:32:25,120.53994863684025,82
2024-01-01 11:32:30,120.33954220650362,44
2024-01-01 11:32:35,119.84762082374814,30
2024-01-01 11:32:40,118.73058611294032,44
2024-01-01 11:32:45,118.85589989777817,79
2024-01-01 11:32:50,119.29743491516096,72
2024-01-01 11:32:55,119.07593394178244,24
2024-01-01 11:33:00,118.24344133823044,78
2024-01-01 11:33:05,117.50050104840678,73
2024-01-01 11:33:10,116.33341277584664,93
2024-01-01 11:33:15,116.7929413523311,43
2024-01-01 11:33:20,116.12195301193086,88
2024-01-01 11:33:25,115.68362420065084,31
2024-01-01 11:33:30,116.65551949596545,14
2024-01-01 11:33:35,116.53690398262623,77
2024-01-01 11:33:40,117.5276709280267,65
2024-01-01 11:33:45,117.5784283956242,17
2024-01-01 11:33:50,118.3038567038343,55
2024-01-01 11:33:55,119.00412024798408,80
2024-01-01 11:34:00,119.1986454185289,66
2024-01-01 11:34:05,119.91976294698884,91
2024-01-01 11:34:10,119.60619955312178,16
2024-01-01 11:34:15,119.83593200180958,91
2024-01-01 11:34:20,118.6439181785718,50
2024-01-01 11:34:25,118.41444721887171,55
2024-01-01 11:34:30,117.91734749839333,9
2024-01-01 11:34:35,118.83324477638932,55
2024-01-01 11:34:40,118.21522447014199,88
2024-01-01 11:34:45,117.22628450602114,72
2024-01-01 11:34:50,118.28168783432258,8
2024-01-01 11:34:55,117.37400015957132,50
2024-01-01 11:35:00,117.00231399031847,69
2024-01-01 11:35:05,116.18757046877312,15
2024-01-01 11:35:10,117.06560606277867,17
2024-01-01 11:35:15,118.1836502529332,15
2024-01-01 11:35:20,117.95808236892381,97
2024-01-01 11:35:25,117.75295589829776,6
2024-01-01 11:35:30,118.52039371226653,91
2024-01-01 11:35:35,118.93107347766595,70
2024-01-01 11:35:40,119.21904018048268,67
2024-01-01 11:35:45,119.08878890541767,5
2024-01-01 11:35:50,119.12210182790126,22
2024-01-01 11:35:55,119.94640923604865,72
2024-01-01 11:36:00,119.77632899390385,89
2024-01-01 11:36:05,120.42725716915768,23
2024-01-01 11:36:10,120.97172099838797,97
2024-01-01 11:36:15,121.15890727476904,59
2024-01-01 11:36:20,122.2166226676856,92
2024-01-01 11:36:25,122.03924795078223,28
2024-01-01 11:36:30,122.05910674309024,16
2024-01-01 11:36:35,123.15745261699222,39
2024-01-01 11:36:40,122.71862077738788,31
2024-01-01 11:36:45,121.54017227963048,18
2024-01-01 11:36:50,122.653285472841,21
2024-01-01 11:36:55,123.87297120825737,87
2024-01-01 11:37:00,124.94461261780195,79
2024-01-01 11:37:05,123.91958463798292,17
2024-01-01 11:37:10,124.16342265766161,57
2024-01-01 11:37:15,124.14679638393648,67
2024-01-01 11:37:20,123.57261762188593,61
2024-01-01 11:37:25,122.36600820466327,48
2024-01-01 11:37:30,121.96246897526228,72
2024-01-01 11:37:35,120.92241267349152,36
2024-01-01 11:37:40,122.12281613531415,54
2024-01-01 11:37:45,120.90739931795895,36
2024-01-01 11:37:50,120.21474945476697,5
2024-01-01 11:37:55,120.19645213031562,17
2024-01-01 11:38:00,121.3894593280968,74
2024-01-01 11:38:05,122.36695149324798,20
2024-01-01 11:38:10,122.9403853608386,60
2024-01-01 11:38:15,122.76324080043537,74
2024-01-01 11:38:20,123.07529875569037,52
2024-01-01 11:38:25,122.16608119463335,27
2024-01-01 11:38:30,122.60963517031026,96
2024-01-01 11:38:35,123.32297289092024,53
2024-01-01 11:38:40,124.02535056190736,88
2024-01-01 11:38:45,123.66524996455834,4
2024-01-01 11:38:50,124.20790111900355,46
2024-01-01 11:38:55,123.95396145630329,12
2024-01-01 11:39:00,124.95718507409948,90
2024-01-01 11:39:05,125.98162483870823,28
2024-01-01 11:39:10,126.51564406810257,52
2024-01-01 11:39:15,126.36142416503964,12
2024-01-01 11:39:20,126.02294218615205,8
2024-01-01 11:39:25,127.13524503280271,57
2024-01-01 11:39:30,127.89671740616787,62
2024-01-01 11:39:35,127.56699809012032,35
2024-01-01 11:39:40,127.23143447627862,55
2024-01-01 11:39:45,127.44703986448056,13
2024-01-01 11:39:50,128.05620554484935,12
2024-01-01 11:39:55,128.68959821808593,11
2024-01-01 11:40:00,128.132258519272,14
2024-01-01 11:40:05,127.10450845731178,11
2024-01-01 11:40:10,126.80499186669046,56
2024-01-01 11:40:15,127.73828741993475,32
2024-01-01 11:40:20,128.82819176744837,28
2024-01-01 11:40:25,129.15064411541235,83
2024-01-01 11:40:30,130.0937435492813,34
2024-01-01 11:40:35,130.3793672003766,5
2024-01-01 11:40:40,129.8708554816227,8
2024-01-01 11:40:45,129.42032821577558,3
2024-01-01 11:40:50,128.46192097200213,96
2024-01-01 11:40:55,127.55304069281962,76
2024-01-01 11:41:00,126.51281159133723,37
2024-01-01 11:41:05,125.52382111724512,82
2024-01-01 11:41:10,124.82399297110796,90
2024-01-01 11:41:15,125.19937138539039,74
2024-01-01 11:41:20,124.74694197926532,65
2024-01-01 11:41:25,125.78485114082531,30
2024-01-01 11:41:30,125.77449518077069,45
2024-01-01 11:41:35,126.36665444740555,78
2024-01-01 11:41:40,125.53307567965129,83
2024-01-01 11:41:45,124.99159973899734,56
2024-01-01 11:41:50,125.93288255596748,74
2024-01-01 11:41:55,126.38568402670317,45
2024-01-01 11:42:00,125.37755184292371,85
2024-01-01 11:42:05,124.72944543114097,86
2024-01-01 11:42:10,123.51480738253997,68
2024-01-01 11:42:15,123.85104094157467,65
2024-01-01 11:42:20,124.8574107682903,7
2024-01-01 11:42:25,124.37541623483888,33
2024-01-01 11:42:30,125.31616697997535,71
2024-01-01 11:42:35,125.56638936131225,18
2024-01-01 11:42:40,126.7369808562542,64
2024-01-01 11:42:45,125.7216452704428,35
2024-01-01 11:42:50,126.60899528735942,68
2024-01-01 11:42:55,127.32992323093875,26
2024-01-01 11:43:00,126.92056772473813,88
2024-01-01 11:43:05,126.54478298667513,37
2024-01-01 11:43:10,125.65295602796235,94
2024-01-01 11:43:15,125.8293497768447,18
2024-01-01 11:43:20,126.68520882975716,83
2024-01-01 11:43:25,126.42889719707574,62
2024-01-01 11:43:30,126.53016658044666,75
2024-01-01 11:43:35,125.3257125259143,11
2024-01-01 11:43:40,124.80527282329872,59
2024-01-01 11:43:45,124.6718966869008,49
2024-01-01 11:43:50,124.15599046354194,11
2024-01-01 11:43:55,124.58276849950406,86
2024-01-01 11:44:00,124.19305102728852,85
2024-01-01 11:44:05,125.12771569970265,45
2024-01-01 11:44:10,124.31691447055908,95
2024-01-01 11:44:15,124.70738161817795,60
2024-01-01 11:44:20,123.87632020842469,84
2024-01-01 11:44:25,123.72130744538656,95
2024-01-01 11:44:30,123.2070664733044,6
2024-01-01 11:44:35,123.2771900411777,87
2024-01-01 11:44:40,123.39858226132873,41
2024-01-01 11:44:45,123.95090137347268,82
2024-01-01 11:44:50,125.0325492449868,65
2024-01-01 11:44:55,124.63871414006994,65
2024-01-01 11:45:00,124.4995700179715,75
2024-01-01 11:45:05,123.65901769065168,11
2024-01-01 11:45:10,124.56666639384848,42
2024-01-01 11:45:15,123.90516723697299,93
2024-01-01 11:45:20,123.15387073189963,95
2024-01-01 11:45:25,123.31472000194415,22
2024-01-01 11:45:30,124.33719221790979,81
2024-01-01 11:45:35,123.30238660823346,60
2024-01-01 11:45:40,122.78733222061624,59
2024-01-01 11:45:45,121.96517396798448,59
2024-01-01 11:45:50,121.0289124933541,41
2024-01-01 11:45:55,120.1070580294953,59
2024-01-01 11:46:00,119.70921802348789,82
2024-01-01 11:46:05,119.91138057051556,37
2024-01-01 11:46:10,119.20469818894345,23
2024-01-01 11:46:15,119.48175337128544,9
2024-01-01 11:46:20,119.32956622521898,74
2024-01-01 11:46:25,119.59187155049412,55
2024-01-01 11:46:30,119.33419568736718,58
2024-01-01 11:46:35,118.58853990572929,21
