timestamp,price,volume
2024-01-01 09:00:00,100.16234453280813,14
2024-01-01 09:00:05,99.53070613476861,67
2024-01-01 09:00:10,98.72352014952817,33
2024-01-01 09:00:15,99.43714238275447,96
2024-01-01 09:00:20,99.6639377854062,7
2024-01-01 09:00:25,100.05452083791727,69
2024-01-01 09:00:30,100.43858917374037,9
2024-01-01 09:00:35,100.24983696986591,58
2024-01-01 09:00:40,100.58544199943125,91
2024-01-01 09:00:45,100.47843005490891,42
2024-01-01 09:00:50,101.13014803017397,54
2024-01-01 09:00:55,102.13899958988418,11
2024-01-01 09:01:00,101.30082545158781,54
2024-01-01 09:01:05,100.63046376888245,42
2024-01-01 09:01:10,100.94105325795101,22
2024-01-01 09:01:15,100.77278268383111,94
2024-01-01 09:01:20,100.74922337710748,40
2024-01-01 09:01:25,100.69163767581634,86
2024-01-01 09:01:30,99.72407238793835,1
2024-01-01 09:01:35,98.86909597545178,50
2024-01-01 09:01:40,99.26179248378976,5
2024-01-01 09:01:45,98.37815490167901,95
2024-01-01 09:01:50,97.81820308345927,87
2024-01-01 09:01:55,97.35807976448459,89
2024-01-01 09:02:00,97.87144116569218,65
2024-01-01 09:02:05,97.2588791190915,20
2024-01-01 09:02:10,96.72377683245867,41
2024-01-01 09:02:15,96.56987459250767,54
2024-01-01 09:02:20,96.38058995232745,21
2024-01-01 09:02:25,97.0823538996142,90
2024-01-01 09:02:30,96.89148767912666,13
2024-01-01 09:02:35,97.51863639748943,81
2024-01-01 09:02:40,97.82793813590433,66
2024-01-01 09:02:45,98.17585442547649,22
2024-01-01 09:02:50,97.93447563929219,81
2024-01-01 09:02:55,97.02614017264314,69
2024-01-01 09:03:00,96.08207490775798,9
2024-01-01 09:03:05,96.62576375455669,42
2024-01-01 09:03:10,96.89194735212291,19
2024-01-01 09:03:15,97.44906510185507,11
2024-01-01 09:03:20,97.12668951022594,3
2024-01-01 09:03:25,96.68240458212269,26
2024-01-01 09:03:30,97.18600897550743,39
2024-01-01 09:03:35,97.64672506400402,44
2024-01-01 09:03:40,97.82284832929358,26
2024-01-01 09:03:45,97.81324220650684,44
2024-01-01 09:03:50,97.60666304304866,62
2024-01-01 09:03:55,97.2150536108344,5
2024-01-01 09:04:00,97.83623563210395,60
2024-01-01 09:04:05,98.30965443736127,97
2024-01-01 09:04:10,98.24269150455177,20
2024-01-01 09:04:15,97.79442975813231,37
2024-01-01 09:04:20,97.41833652994042,66
2024-01-01 09:04:25,97.92656951614656,85
2024-01-01 09:04:30,97.45880633002216,39
2024-01-01 09:04:35,96.65283882105089,29
2024-01-01 09:04:40,95.81030962870916,0
2024-01-01 09:04:45,94.94302579917178,13
2024-01-01 09:04:50,95.71841903910459,65
2024-01-01 09:04:55,95.75681982076772,73
2024-01-01 09:05:00,95.26357926599744,86
2024-01-01 09:05:05,94.99380742194377,10
2024-01-01 09:05:10,95.66207720724121,81
2024-01-01 09:05:15,95.96087426888585,52
2024-01-01 09:05:20,95.67730996168996,32
2024-01-01 09:05:25,95.2083914497454,28
2024-01-01 09:05:30,94.73172124946983,83
2024-01-01 09:05:35,95.38987261197421,56
2024-01-01 09:05:40,95.05770729443822,54
2024-01-01 09:05:45,94.46375911259443,9
2024-01-01 09:05:50,93.89296681840406,59
2024-01-01 09:05:55,93.19774742407714,6
2024-01-01 09:06:00,93.33206340152333,12
2024-01-01 09:06:05,92.60696913853481,57
2024-01-01 09:06:10,92.09895758545109,3
2024-01-01 09:06:15,92.04833523234234,68
2024-01-01 09:06:20,92.5960687082404,69
2024-01-01 09:06:25,93.00425991513399,63
2024-01-01 09:06:30,92.83429532159509,68
2024-01-01 09:06:35,92.38106513617988,81
2024-01-01 09:06:40,92.46940330960767,48
2024-01-01 09:06:45,92.58061527988204,82
2024-01-01 09:06:50,92.4589001643384,77
2024-01-01 09:06:55,93.03159708225408,3
2024-01-01 09:07:00,92.83526430869625,7
2024-01-01 09:07:05,93.48001310871156,64
2024-01-01 09:07:10,93.98058847952576,18
2024-01-01 09:07:15,93.2793551153649,75
2024-01-01 09:07:20,92.72753004202,69
2024-01-01 09:07:25,93.62201509116449,80
2024-01-01 09:07:30,92.81429335220541,78
2024-01-01 09:07:35,93.01713283815279,18
2024-01-01 09:07:40,93.55041165722437,82
2024-01-01 09:07:45,93.79455533784517,93
2024-01-01 09:07:50,93.40274034992737,2
2024-01-01 09:07:55,93.49825678034004,73
2024-01-01 09:08:00,93.83966236545362,15
2024-01-01 09:08:05,93.06514656675041,4
2024-01-01 09:08:10,92.75132572567856,52
2024-01-01 09:08:15,91.91994909871318,23
2024-01-01 09:08:20,92.09959143001613,21
2024-01-01 09:08:25,91.50437937552174,35
2024-01-01 09:08:30,91.89624839524464,75
2024-01-01 09:08:35,91.1425841821395,18
2024-01-01 09:08:40,91.10854914795739,87
2024-01-01 09:08:45,90.56349983862195,22
2024-01-01 09:08:50,91.43965578893375,77
2024-01-01 09:08:55,92.0208030564806,49
2024-01-01 09:09:00,92.29307399476104,89
2024-01-01 09:09:05,92.88787575270713,7
2024-01-01 09:09:10,92.24272012729541,25
2024-01-01 09:09:15,92.03981045927462,58
2024-01-01 09:09:20,91.22927309239833,80
2024-01-01 09:09:25,90.66886806528815,58
2024-01-01 09:09:30,90.31407074800265,89
2024-01-01 09:09:35,90.24564602485367,34
2024-01-01 09:09:40,90.28555204139003,95
2024-01-01 09:09:45,90.43217469873517,57
2024-01-01 09:09:50,90.90204463695387,88
2024-01-01 09:09:55,91.4092252845471,17
2024-01-01 09:10:00,90.61744479640431,23
2024-01-01 09:10:05,91.22803275049635,15
2024-01-01 09:10:10,90.46223358040305,99
2024-01-01 09:10:15,90.40957603813979,4
2024-01-01 09:10:20,91.26459532215524,49
2024-01-01 09:10:25,91.92507091888689,51
2024-01-01 09:10:30,92.20992690291942,60
2024-01-01 09:10:35,92.31147313901175,35
2024-01-01 09:10:40,91.9280783375595,38
2024-01-01 09:10:45,91.54910773207317,17
2024-01-01 09:10:50,90.77364910669249,21
2024-01-01 09:10:55,91.57489498853636,44
2024-01-01 09:11:00,91.2293066790503,75
2024-01-01 09:11:05,91.00884135042182,99
2024-01-01 09:11:10,90.31906808377911,73
2024-01-01 09:11:15,90.46809846192964,64
2024-01-01 09:11:20,90.27520052315091,13
2024-01-01 09:11:25,89.96770166342986,44
2024-01-01 09:11:30,89.08528432620686,99
2024-01-01 09:11:35,88.23692858277367,8
2024-01-01 09:11:40,88.67025851355646,6
2024-01-01 09:11:45,88.33648623996028,19
2024-01-01 09:11:50,89.21949318227024,15
2024-01-01 09:11:55,88.60922446254436,42
2024-01-01 09:12:00,89.163642108464,91
2024-01-01 09:12:05,89.06863316553252,92
2024-01-01 09:12:10,88.60375923304899,86
2024-01-01 09:12:15,87.81914326047402,54
2024-01-01 09:12:20,87.04991268179141,96
2024-01-01 09:12:25,87.41403735637175,17
2024-01-01 09:12:30,86.89237560450846,33
2024-01-01 09:12:35,87.54815864919613,86
2024-01-01 09:12:40,88.24868517894424,76
2024-01-01 09:12:45,87.4028366529131,39
2024-01-01 09:12:50,87.53124414738384,47
2024-01-01 09:12:55,88.39785269631632,29
2024-01-01 09:13:00,88.65622705041001,35
2024-01-01 09:13:05,89.2613371740677,44
2024-01-01 09:13:10,90.10373203134723,6
2024-01-01 09:13:15,90.11754225358109,10
2024-01-01 09:13:20,89.87145940227343,87
2024-01-01 09:13:25,89.85199604415098,46
2024-01-01 09:13:30,90.74554946237518,74
2024-01-01 09:13:35,90.16539403704576,15
2024-01-01 09:13:40,90.05787150421811,96
2024-01-01 09:13:45,90.94075127540856,61
2024-01-01 09:13:50,90.14876048780278,93
2024-01-01 09:13:55,90.28591682644401,35
2024-01-01 09:14:00,91.00881744879995,72
2024-01-01 09:14:05,90.95964106780548,41
2024-01-01 09:14:10,91.1118585553384,68
2024-01-01 09:14:15,90.63704644005769,41
2024-01-01 09:14:20,90.73336637109716,29
2024-01-01 09:14:25,91.42695888006162,91
2024-01-01 09:14:30,91.13345787233553,68
2024-01-01 09:14:35,91.35285897610075,71
2024-01-01 09:14:40,91.50129432811522,8
2024-01-01 09:14:45,91.24036551609956,72
2024-01-01 09:14:50,91.09133689807337,5
2024-01-01 09:14:55,90.52906632622121,77
2024-01-01 09:15:00,89.6615806529744,75
2024-01-01 09:15:05,90.26653596017356,80
2024-01-01 09:15:10,90.90004642549586,49
2024-01-01 09:15:15,91.48196558209143,11
2024-01-01 09:15:20,90.71000120971443,35
2024-01-01 09:15:25,91.15791284220624,41
2024-01-01 09:15:30,91.3911796274471,87
2024-01-01 09:15:35,91.98792548717111,73
2024-01-01 09:15:40,91.50962828016118,86
2024-01-01 09:15:45,91.59210367719331,55
2024-01-01 09:15:50,90.98300347107096,90
2024-01-01 09:15:55,91.06917941382055,21
2024-01-01 09:16:00,90.86413497719818,44
2024-01-01 09:16:05,91.5370457388456,41
2024-01-01 09:16:10,91.75421113369578,30
2024-01-01 09:16:15,91.5042567298492,89
2024-01-01 09:16:20,91.17851498121742,30
2024-01-01 09:16:25,90.8136682568789,51
2024-01-01 09:16:30,90.57420668509825,30
2024-01-01 09:16:35,90.4059160198274,94
2024-01-01 09:16:40,90.51375962057044,20
2024-01-01 09:16:45,91.27194964250134,80
2024-01-01 09:16:50,91.61446270294002,53
2024-01-01 09:16:55,92.17553205431221,14
2024-01-01 09:17:00,91.81889457651401,48
2024-01-01 09:17:05,92.65190912725377,6
2024-01-01 09:17:10,92.1043234410489,23
2024-01-01 09:17:15,91.817889599474,22
2024-01-01 09:17:20,92.24251540952606,34
2024-01-01 09:17:25,92.15238689335645,37
2024-01-01 09:17:30,92.6127230296423,29
2024-01-01 09:17:35,91.97560934860364,26
2024-01-01 09:17:40,91.43080644785228,55
2024-01-01 09:17:45,91.9751619266772,99
2024-01-01 09:17:50,91.36571951064808,55
2024-01-01 09:17:55,91.91069313544766,81
2024-01-01 09:18:00,92.39575792200816,44
2024-01-01 09:18:05,91.77371768523884,52
2024-01-01 09:18:10,91.06468457305795,24
2024-01-01 09:18:15,90.83821574727594,49
2024-01-01 09:18:20,90.06186405823334,70
2024-01-01 09:18:25,89.72944001527122,94
2024-01-01 09:18:30,89.02871744709792,54
2024-01-01 09:18:35,88.81090047246927,6
2024-01-01 09:18:40,89.39204888099988,83
2024-01-01 09:18:45,89.01062373494916,33
2024-01-01 09:18:50,89.14785099996067,65
2024-01-01 09:18:55,89.59985815703801,30
2024-01-01 09:19:00,90.40065362333166,21
2024-01-01 09:19:05,89.663528968537,9
2024-01-01 09:19:10,89.6291843021834,11
2024-01-01 09:19:15,89.36063043740904,15
2024-01-01 09:19:20,90.0981429063048,23
2024-01-01 09:19:25,90.26177760418715,38
2024-01-01 09:19:30,90.40786045751425,81
2024-01-01 09:19:35,90.74248764897209,78
2024-01-01 09:19:40,90.04027959818114,28
2024-01-01 09:19:45,90.78129020294516,98
2024-01-01 09:19:50,89.9026650680909,86
2024-01-01 09:19:55,89.62800208028204,51
2024-01-01 09:20:00,88.85481473953999,54
2024-01-01 09:20:05,89.45790125510858,86
2024-01-01 09:20:10,89.68427411029272,52
2024-01-01 09:20:15,90.09508719745845,36
2024-01-01 09:20:20,90.79243316296352,83
2024-01-01 09:20:25,91.33432692802982,80
2024-01-01 09:20:30,91.95337862811836,59
2024-01-01 09:20:35,91.42689082423703,6
2024-01-01 09:20:40,90.53151400012422,72
2024-01-01 09:20:45,90.13656473826912,49
2024-01-01 09:20:50,90.94927046028438,6
2024-01-01 09:20:55,90.91368176183097,92
2024-01-01 09:21:00,90.69085603158511,2
2024-01-01 09:21:05,91.15661077322743,31
2024-01-01 09:21:10,91.37286969991837,57
2024-01-01 09:21:15,91.82968692843976,39
2024-01-01 09:21:20,92.71821175938939,64
2024-01-01 09:21:25,91.87234537758494,55
2024-01-01 09:21:30,91.58611862588076,32
2024-01-01 09:21:35,92.04431700209012,22
2024-01-01 09:21:40,91.33414055985932,25
2024-01-01 09:21:45,91.47273922251198,5
2024-01-01 09:21:50,91.90292580478652,76
2024-01-01 09:21:55,91.3181644373357,78
2024-01-01 09:22:00,91.40115711015672,68
2024-01-01 09:22:05,90.80098354315834,70
2024-01-01 09:22:10,91.0429676047784,35
2024-01-01 09:22:15,90.86559904840794,29
2024-01-01 09:22:20,90.71335262372077,83
2024-01-01 09:22:25,90.79499246379832,61
2024-01-01 09:22:30,91.55600392717587,5
2024-01-01 09:22:35,90.99982334350882,30
2024-01-01 09:22:40,91.8085730060632,78
2024-01-01 09:22:45,91.92360079313201,46
2024-01-01 09:22:50,91.20871599989715,0
2024-01-01 09:22:55,90.88109019320542,50
2024-01-01 09:23:00,91.32476896578487,0
2024-01-01 09:23:05,91.07541860754654,91
2024-01-01 09:23:10,90.98107711809915,6
2024-01-01 09:23:15,91.53337809581411,75
2024-01-01 09:23:20,91.01285183188358,96
2024-01-01 09:23:25,91.64302388783084,94
2024-01-01 09:23:30,92.15986907110828,5
2024-01-01 09:23:35,92.56953295584803,95
2024-01-01 09:23:40,92.03246897290768,79
2024-01-01 09:23:45,91.64949680103517,12
2024-01-01 09:23:50,92.09194521010765,7
2024-01-01 09:23:55,92.02822585473895,75
2024-01-01 09:24:00,92.5057668777206,5
2024-01-01 09:24:05,91.74345341481514,34
2024-01-01 09:24:10,91.23140258106531,62
2024-01-01 09:24:15,92.14351447550129,11
2024-01-01 09:24:20,92.42867420780169,0
2024-01-01 09:24:25,93.2851395337211,32
2024-01-01 09:24:30,92.46862699129005,2
2024-01-01 09:24:35,91.6611560209919,70
2024-01-01 09:24:40,91.68056060088672,50
2024-01-01 09:24:45,91.41054132683314,89
2024-01-01 09:24:50,91.81846976071054,91
2024-01-01 09:24:55,91.71834948022403,69
2024-01-01 09:25:00,91.60718657063109,7
2024-01-01 09:25:05,91.83419474964981,64
2024-01-01 09:25:10,91.12679423514822,89
2024-01-01 09:25:15,91.1679674975921,21
2024-01-01 09:25:20,91.36165731341836,48
2024-01-01 09:25:25,91.60085526028894,62
2024-01-01 09:25:30,91.63940933510547,20
2024-01-01 09:25:35,92.39096295966962,28
2024-01-01 09:25:40,92.99542648030916,31
2024-01-01 09:25:45,93.55262227267986,44
2024-01-01 09:25:50,92.72482329454941,91
2024-01-01 09:25:55,91.88418876307136,30
2024-01-01 09:26:00,91.14041484726167,97
2024-01-01 09:26:05,91.96340446785157,29
2024-01-01 09:26:10,91.73995731067447,66
2024-01-01 09:26:15,92.06688644412542,15
2024-01-01 09:26:20,91.79269772495057,9
2024-01-01 09:26:25,92.69147694550361,45
2024-01-01 09:26:30,92.35849787309547,12
2024-01-01 09:26:35,91.56459377560769,24
2024-01-01 09:26:40,92.11854360668076,84
2024-01-01 09:26:45,91.28303066511576,85
2024-01-01 09:26:50,91.7659904924611,11
2024-01-01 09:26:55,91.35122691530752,10
2024-01-01 09:27:00,92.05557014085291,2
2024-01-01 09:27:05,91.53657011657398,91
2024-01-01 09:27:10,90.6756904038177,5
2024-01-01 09:27:15,90.8144331105499,46
2024-01-01 09:27:20,90.48484540028733,1
2024-01-01 09:27:25,89.69436418526041,78
2024-01-01 09:27:30,89.23815656705773,19
2024-01-01 09:27:35,89.2950787591353,53
2024-01-01 09:27:40,89.54823365916131,44
2024-01-01 09:27:45,89.86821934903057,1
2024-01-01 09:27:50,89.08240564631369,36
2024-01-01 09:27:55,88.9956155723657,81
2024-01-01 09:28:00,89.51189821125898,72
2024-01-01 09:28:05,89.17360912121025,70
2024-01-01 09:28:10,89.59926205978682,12
2024-01-01 09:28:15,89.96808158331773,28
2024-01-01 09:28:20,89.07294535776833,77
2024-01-01 09:28:25,88.99681108186194,49
2024-01-01 09:28:30,89.25057458576062,11
2024-01-01 09:28:35,89.90699193891015,37
2024-01-01 09:28:40,90.00168598893097,22
2024-01-01 09:28:45,90.1190663777228,17
2024-01-01 09:28:50,89.29666503057996,59
2024-01-01 09:28:55,88.67895859641249,17
2024-01-01 09:29:00,87.87307302685876,94
2024-01-01 09:29:05,87.60369886759906,89
2024-01-01 09:29:10,87.94083370913961,77
2024-01-01 09:29:15,87.42775524801415,57
2024-01-01 09:29:20,86.61191151262231,23
2024-01-01 09:29:25,85.99317786524168,62
2024-01-01 09:29:30,85.48722676638947,77
2024-01-01 09:29:35,85.60387511463378,15
2024-01-01 09:29:40,84.91285837025518,43
2024-01-01 09:29:45,84.70825332344495,43
2024-01-01 09:29:50,84.49647028827256,27
2024-01-01 09:29:55,83.86349758661515,50
2024-01-01 09:30:00,84.67372888748739,39
2024-01-01 09:30:05,83.89829966199258,20
2024-01-01 09:30:10,83.91439950656186,86
2024-01-01 09:30:15,83.9817804646849,36
2024-01-01 09:30:20,84.5021799632245,92
2024-01-01 09:30:25,85.0437146425962,64
2024-01-01 09:30:30,84.40451364980379,44
2024-01-01 09:30:35,84.48834342138835,82
2024-01-01 09:30:40,85.16381702373464,68
2024-01-01 09:30:45,84.52512817527462,18
2024-01-01 09:30:50,84.87077694646013,81
2024-01-01 09:30:55,84.61310413467345,5
2024-01-01 09:31:00,84.39086873610529,7
2024-01-01 09:31:05,84.67576502686623,99
2024-01-01 09:31:10,84.59762376693155,50
2024-01-01 09:31:15,85.33462785912755,17
2024-01-01 09:31:20,85.32720046680535,47
2024-01-01 09:31:25,85.22642151576103,23
2024-01-01 09:31:30,84.71753896477966,17
2024-01-01 09:31:35,83.88582070405973,76
2024-01-01 09:31:40,84.53496869758891,97
2024-01-01 09:31:45,84.4635671641006,1
2024-01-01 09:31:50,84.09545244217715,26
2024-01-01 09:31:55,84.03269768244388,18
2024-01-01 09:32:00,83.38129648828861,24
2024-01-01 09:32:05,83.18753551643093,79
2024-01-01 09:32:10,83.96254372316565,80
2024-01-01 09:32:15,83.18183457413672,78
2024-01-01 09:32:20,83.17661352553023,50
2024-01-01 09:32:25,83.48692582954898,32
2024-01-01 09:32:30,83.60941080304477,17
2024-01-01 09:32:35,83.58909715369796,32
2024-01-01 09:32:40,83.88759737626869,89
2024-01-01 09:32:45,84.30776117794726,42
2024-01-01 09:32:50,84.79958880943474,51
2024-01-01 09:32:55,84.94039331178732,55
2024-01-01 09:33:00,84.12844141168904,61
2024-01-01 09:33:05,83.60299029505573,60
2024-01-01 09:33:10,84.39342809805592,97
2024-01-01 09:33:15,85.20038420939784,78
2024-01-01 09:33:20,84.94987934322776,83
2024-01-01 09:33:25,84.90329574505732,16
2024-01-01 09:33:30,84.53799612722115,27
2024-01-01 09:33:35,83.85337644019546,73
2024-01-01 09:33:40,84.50532022185321,16
2024-01-01 09:33:45,85.13252077263141,69
2024-01-01 09:33:50,85.12805834654121,49
2024-01-01 09:33:55,84.3389387813075,70
2024-01-01 09:34:00,84.54266356461999,75
2024-01-01 09:34:05,85.14342047653523,93
2024-01-01 09:34:10,84.68914080024778,53
2024-01-01 09:34:15,84.02954896090922,73
2024-01-01 09:34:20,83.36313462832587,56
2024-01-01 09:34:25,82.86108611455799,48
2024-01-01 09:34:30,83.4273724211298,48
2024-01-01 09:34:35,83.03014137078601,80
2024-01-01 09:34:40,83.36721408937824,99
2024-01-01 09:34:45,82.68103177136867,64
2024-01-01 09:34:50,83.34010770197676,7
2024-01-01 09:34:55,83.53999764377707,59
2024-01-01 09:35:00,82.84725796571257,89
2024-01-01 09:35:05,83.07866656474815,70
2024-01-01 09:35:10,82.62550393995038,54
2024-01-01 09:35:15,83.2765204961113,51
2024-01-01 09:35:20,83.45724464608442,72
2024-01-01 09:35:25,83.47022061561256,35
2024-01-01 09:35:30,83.86898474523497,47
2024-01-01 09:35:35,83.62410566673572,12
2024-01-01 09:35:40,83.31803524914619,84
2024-01-01 09:35:45,83.33147928367606,45
2024-01-01 09:35:50,83.07077499988742,68
2024-01-01 09:35:55,82.73495600189605,72
2024-01-01 09:36:00,83.25455229689342,6
2024-01-01 09:36:05,83.87857838579032,88
2024-01-01 09:36:10,83.57003584414278,72
2024-01-01 09:36:15,82.8020708514459,97
2024-01-01 09:36:20,83.31310451884904,20
2024-01-01 09:36:25,82.71951132340634,75
2024-01-01 09:36:30,82.54315476475938,38
2024-01-01 09:36:35,82.00869409542067,64
2024-01-01 09:36:40,81.27481213870607,72
2024-01-01 09:36:45,80.72752033840317,84
2024-01-01 09:36:50,81.47878893100678,36
2024-01-01 09:36:55,81.76945935762082,61
2024-01-01 09:37:00,82.22129023036368,27
2024-01-01 09:37:05,82.44185740356139,34
2024-01-01 09:37:10,81.72950104073148,67
2024-01-01 09:37:15,82.19518783815445,15
2024-01-01 09:37:20,81.43142754504956,24
2024-01-01 09:37:25,81.16798056734679,68
2024-01-01 09:37:30,81.58470328921379,7
2024-01-01 09:37:35,82.22323253598952,59
2024-01-01 09:37:40,81.91242163465004,4
2024-01-01 09:37:45,81.77616085960275,23
2024-01-01 09:37:50,81.57486839671802,34
2024-01-01 09:37:55,82.30609002650642,20
2024-01-01 09:38:00,82.20142713368361,73
2024-01-01 09:38:05,82.255858393494,15
2024-01-01 09:38:10,81.44009227045748,37
2024-01-01 09:38:15,81.23614058525875,17
2024-01-01 09:38:20,80.62797186046943,16
2024-01-01 09:38:25,81.3106766558856,63
2024-01-01 09:38:30,81.23366668733269,68
2024-01-01 09:38:35,81.80787869335911,46
2024-01-01 09:38:40,81.2003506484048,20
2024-01-01 09:38:45,81.94902512818665,32
2024-01-01 09:38:50,82.76169200632303,23
2024-01-01 09:38:55,83.58031831155786,10
2024-01-01 09:39:00,83.61303596337024,39
2024-01-01 09:39:05,83.45073057550124,88
2024-01-01 09:39:10,84.22955414203396,23
2024-01-01 09:39:15,84.57514720163016,6
2024-01-01 09:39:20,85.19135743862007,36
2024-01-01 09:39:25,84.6921868088821,38
2024-01-01 09:39:30,84.08990859966634,37
2024-01-01 09:39:35,84.55238588267717,3
2024-01-01 09:39:40,85.204506232603,99
2024-01-01 09:39:45,85.03216209683775,18
2024-01-01 09:39:50,85.51085609224504,91
2024-01-01 09:39:55,85.74431079853917,83
2024-01-01 09:40:00,86.22362315362663,12
2024-01-01 09:40:05,86.67318441658051,76
2024-01-01 09:40:10,87.0380804604867,99
2024-01-01 09:40:15,86.35333487271878,96
2024-01-01 09:40:20,86.42593097679499,23
2024-01-01 09:40:25,87.14907959119293,80
2024-01-01 09:40:30,86.69293030576078,28
2024-01-01 09:40:35,86.72169861782996,4
2024-01-01 09:40:40,87.51971107948948,38
2024-01-01 09:40:45,86.75286589207104,36
2024-01-01 09:40:50,86.96755839691562,98
2024-01-01 09:40:55,87.53165931051606,21
2024-01-01 09:41:00,86.71147150804407,58
2024-01-01 09:41:05,86.9490249464614,99
2024-01-01 09:41:10,87.27786654590761,60
2024-01-01 09:41:15,86.64566119456408,82
2024-01-01 09:41:20,86.23678236310936,86
2024-01-01 09:41:25,86.60815716091773,62
2024-01-01 09:41:30,85.94124888385701,30
2024-01-01 09:41:35,85.84523127816291,64
2024-01-01 09:41:40,85.78127183701417,73
2024-01-01 09:41:45,85.72393448530356,8
2024-01-01 09:41:50,86.23851300756219,76
2024-01-01 09:41:55,86.64847996672204,6
2024-01-01 09:42:00,87.0202322363642,60
2024-01-01 09:42:05,87.56751189412695,66
2024-01-01 09:42:10,86.88453830484535,44
2024-01-01 09:42:15,86.29106667857673,38
2024-01-01 09:42:20,86.11187067527545,38
2024-01-01 09:42:25,86.84382255876714,2
2024-01-01 09:42:30,86.32930799787708,49
2024-01-01 09:42:35,86.95812774143963,43
2024-01-01 09:42:40,86.59635460886847,50
2024-01-01 09:42:45,86.58185375593808,37
2024-01-01 09:42:50,87.40173249704347,95
2024-01-01 09:42:55,87.32701274344828,69
2024-01-01 09:43:00,87.4101283474273,61
2024-01-01 09:43:05,87.66719078683785,5
2024-01-01 09:43:10,87.09609563812313,0
2024-01-01 09:43:15,87.52498979600549,28
2024-01-01 09:43:20,87.07315045582409,28
2024-01-01 09:43:25,87.48436768421034,99
2024-01-01 09:43:30,87.93766550726278,53
2024-01-01 09:43:35,87.41184952134243,67
2024-01-01 09:43:40,86.9344944104551,39
2024-01-01 09:43:45,86.12184908645794,10
2024-01-01 09:43:50,86.57457712036906,86
2024-01-01 09:43:55,86.47168335692967,47
2024-01-01 09:44:00,86.19962132148449,7
2024-01-01 09:44:05,86.38857954138541,87
2024-01-01 09:44:10,87.12313433156153,57
2024-01-01 09:44:15,87.60969670297156,81
2024-01-01 09:44:20,87.27044623004147,50
2024-01-01 09:44:25,87.42868484793492,8
2024-01-01 09:44:30,87.35264360539765,95
2024-01-01 09:44:35,86.95639395037671,90
2024-01-01 09:44:40,86.53573417108187,81
2024-01-01 09:44:45,85.79226508530193,25
2024-01-01 09:44:50,85.23003104511426,10
2024-01-01 09:44:55,84.91483183810017,47
2024-01-01 09:45:00,84.42991914562211,67
2024-01-01 09:45:05,83.60759928311911,42
2024-01-01 09:45:10,84.33679814635137,82
2024-01-01 09:45:15,84.06656925869049,89
2024-01-01 09:45:20,84.73035878735297,18
2024-01-01 09:45:25,84.08781938204073,98
2024-01-01 09:45:30,84.5745680581795,76
2024-01-01 09:45:35,84.33799666517508,70
2024-01-01 09:45:40,84.876488852531,57
2024-01-01 09:45:45,84.3806417299131,25
2024-01-01 09:45:50,83.97938425178805,43
2024-01-01 09:45:55,84.71516406333927,28
2024-01-01 09:46:00,84.3640147840964,49
2024-01-01 09:46:05,84.90441507064763,86
2024-01-01 09:46:10,85.58230640646602,37
2024-01-01 09:46:15,84.93026898365282,22
2024-01-01 09:46:20,85.59950444649746,58
2024-01-01 09:46:25,86.3356369367886,91
2024-01-01 09:46:30,85.71373619310273,81
2024-01-01 09:46:35,85.94742234665314,37
2024-01-01 09:46:40,85.9146171596581,84
2024-01-01 09:46:45,85.30732429225367,5
2024-01-01 09:46:50,85.23459983921686,91
2024-01-01 09:46:55,84.46395442861225,1
2024-01-01 09:47:00,84.5553880202935,27
2024-01-01 09:47:05,85.00415915254382,13
2024-01-01 09:47:10,84.21645918631906,71
2024-01-01 09:47:15,84.05033336826705,46
2024-01-01 09:47:20,84.41432460991493,98
2024-01-01 09:47:25,84.57258005773981,48
2024-01-01 09:47:30,85.16411100402462,53
2024-01-01 09:47:35,84.48650796144065,30
2024-01-01 09:47:40,83.89777185764349,29
2024-01-01 09:47:45,83.63008112450127,68
2024-01-01 09:47:50,84.41011507171005,59
2024-01-01 09:47:55,83.62227534002827,48
2024-01-01 09:48:00,83.64912661877294,71
2024-01-01 09:48:05,84.43412335796843,91
2024-01-01 09:48:10,85.12698402728711,61
2024-01-01 09:48:15,84.58721838718485,36
2024-01-01 09:48:20,85.09173167671418,31
2024-01-01 09:48:25,85.50489411077538,68
2024-01-01 09:48:30,85.02416053684863,78
2024-01-01 09:48:35,85.64900591799885,52
2024-01-01 09:48:40,85.10497701321901,26
2024-01-01 09:48:45,85.83042675883559,79
2024-01-01 09:48:50,86.57397828297589,55
2024-01-01 09:48:55,86.30806030046597,38
2024-01-01 09:49:00,86.3902506999732,17
2024-01-01 09:49:05,86.26695802407325,10
2024-01-01 09:49:10,85.98946932808529,9
2024-01-01 09:49:15,85.20572265188174,94
2024-01-01 09:49:20,85.07215375594537,93
2024-01-01 09:49:25,85.04493753626305,59
2024-01-01 09:49:30,84.3517187451733,23
2024-01-01 09:49:35,84.29428483777266,9
2024-01-01 09:49:40,84.45419653000526,93
2024-01-01 09:49:45,83.63381100453145,73
2024-01-01 09:49:50,83.18363180472224,94
2024-01-01 09:49:55,82.59316994680344,80
2024-01-01 09:50:00,82.6658986303266,78
2024-01-01 09:50:05,83.29496507703354,26
2024-01-01 09:50:10,83.78932398032423,50
2024-01-01 09:50:15,83.5086221794043,35
2024-01-01 09:50:20,84.34002214424602,50
2024-01-01 09:50:25,83.70532594863755,20
2024-01-01 09:50:30,83.95327735437822,14
2024-01-01 09:50:35,83.56119720932396,98
2024-01-01 09:50:40,83.8861779955272,1
2024-01-01 09:50:45,84.27203947337507,2
2024-01-01 09:50:50,84.5190048617196,81
2024-01-01 09:50:55,84.77200528934162,30
2024-01-01 09:51:00,84.8555209452676,42
2024-01-01 09:51:05,84.26314549108244,18
2024-01-01 09:51:10,83.53665325507879,30
2024-01-01 09:51:15,83.81048461765839,90
2024-01-01 09:51:20,83.73125925265698,73
2024-01-01 09:51:25,83.31840379693304,38
2024-01-01 09:51:30,82.80608860623505,12
2024-01-01 09:51:35,82.97995937185689,96
2024-01-01 09:51:40,83.50276878293509,84
2024-01-01 09:51:45,82.97318522755467,28
2024-01-01 09:51:50,82.39853116973254,96
2024-01-01 09:51:55,82.46752636602173,3
2024-01-01 09:52:00,82.9216705253691,53
2024-01-01 09:52:05,83.04119449513568,65
2024-01-01 09:52:10,82.71281855117267,18
2024-01-01 09:52:15,83.18542126179159,52
2024-01-01 09:52:20,83.60399777250487,95
2024-01-01 09:52:25,83.93845241814773,29
2024-01-01 09:52:30,83.76968590388248,9
2024-01-01 09:52:35,84.59482711231541,85
2024-01-01 09:52:40,84.694112809266,77
2024-01-01 09:52:45,84.89354445647815,20
2024-01-01 09:52:50,85.1824764448807,36
2024-01-01 09:52:55,84.95660738347674,78
2024-01-01 09:53:00,84.88708154817805,53
2024-01-01 09:53:05,85.07515146535897,3
2024-01-01 09:53:10,85.3472449938337,58
2024-01-01 09:53:15,86.13893058172738,68
2024-01-01 09:53:20,86.58727983764454,63
2024-01-01 09:53:25,86.02349985124653,26
2024-01-01 09:53:30,86.47140911634366,16
2024-01-01 09:53:35,87.1883971661341,24
2024-01-01 09:53:40,86.87308843869529,58
2024-01-01 09:53:45,87.35776871935886,90
2024-01-01 09:53:50,87.20068295727425,33
2024-01-01 09:53:55,86.87129354147828,34
2024-01-01 09:54:00,86.1311051925107,13
2024-01-01 09:54:05,85.32693954144627,4
2024-01-01 09:54:10,85.73226912130498,91
2024-01-01 09:54:15,86.26125212428751,24
2024-01-01 09:54:20,86.56072504227018,22
2024-01-01 09:54:25,86.38129697441492,82
2024-01-01 09:54:30,86.67038868110163,26
2024-01-01 09:54:35,86.57804689654908,92
2024-01-01 09:54:40,86.52887457583932,27
2024-01-01 09:54:45,86.86106424934903,53
2024-01-01 09:54:50,86.9224998262445,25
2024-01-01 09:54:55,87.13425463420761,95
2024-01-01 09:55:00,87.83995102928566,15
2024-01-01 09:55:05,87.60530811128669,41
2024-01-01 09:55:10,87.8705670246051,96
2024-01-01 09:55:15,87.54047054401488,33
2024-01-01 09:55:20,87.0074443178477,11
2024-01-01 09:55:25,86.88457528181053,92
2024-01-01 09:55:30,87.48906538402376,58
2024-01-01 09:55:35,87.36451958566609,58
2024-01-01 09:55:40,87.01142669431587,29
2024-01-01 09:55:45,86.9018316192023,97
2024-01-01 09:55:50,86.3892412665804,11
2024-01-01 09:55:55,86.17692573357648,35
2024-01-01 09:56:00,85.88423370696043,68
2024-01-01 09:56:05,85.15663359229283,1
2024-01-01 09:56:10,84.89059969909569,54
2024-01-01 09:56:15,85.30037157493736,36
2024-01-01 09:56:20,84.77734259204674,71
2024-01-01 09:56:25,84.59835433568553,1
2024-01-01 09:56:30,85.17558783723379,37
2024-01-01 09:56:35,84.81491599091837,41
2024-01-01 09:56:40,84.22180466073199,24
2024-01-01 09:56:45,85.03185907704739,93
2024-01-01 09:56:50,84.39356804457005,59
2024-01-01 09:56:55,84.6667154984185,81
2024-01-01 09:57:00,85.37457873376485,16
2024-01-01 09:57:05,85.53560029058733,78
2024-01-01 09:57:10,84.91566439732316,75
2024-01-01 09:57:15,85.43345404488558,96
2024-01-01 09:57:20,84.93516162405629,67
2024-01-01 09:57:25,85.3256283557456,26
2024-01-01 09:57:30,85.21143032671006,7
2024-01-01 09:57:35,85.33352585524348,92
2024-01-01 09:57:40,84.9264269483639,36
2024-01-01 09:57:45,85.36514700407203,9
2024-01-01 09:57:50,84.71689368331369,25
2024-01-01 09:57:55,84.614235909165,79
2024-01-01 09:58:00,85.17629669980674,86
2024-01-01 09:58:05,85.0694988745652,34
2024-01-01 09:58:10,85.87288941981716,4
2024-01-01 09:58:15,86.51154112989373,72
2024-01-01 09:58:20,87.26318739609184,87
2024-01-01 09:58:25,87.22076252021583,97
2024-01-01 09:58:30,86.88165016496164,32
2024-01-01 09:58:35,86.86680769858731,70
2024-01-01 09:58:40,86.29523623382346,33
2024-01-01 09:58:45,86.34933779846129,20
2024-01-01 09:58:50,85.68046777053542,35
2024-01-01 09:58:55,86.46691247449436,14
2024-01-01 09:59:00,86.27154225540517,75
2024-01-01 09:59:05,86.82429034462018,37
2024-01-01 09:59:10,86.63009952665546,68
2024-01-01 09:59:15,87.05342354564664,73
2024-01-01 09:59:20,86.64879500610144,39
2024-01-01 09:59:25,87.18447303492296,35
2024-01-01 09:59:30,87.70490858327301,28
2024-01-01 09:59:35,87.29184195388919,4
2024-01-01 09:59:40,87.29338759025558,91
2024-01-01 09:59:45,86.6913077545155,85
2024-01-01 09:59:50,87.04538256383381,63
2024-01-01 09:59:55,87.91046644780717,81
2024-01-01 10:00:00,88.53321321547607,98
2024-01-01 10:00:05,88.24454420218524,71
2024-01-01 10:00:10,88.07944591588405,71
2024-01-01 10:00:15,88.93735177388373,32
2024-01-01 10:00:20,88.26383259219968,23
2024-01-01 10:00:25,87.91671764621131,7
2024-01-01 10:00:30,88.63329156408213,17
2024-01-01 10:00:35,88.20978626150934,92
2024-01-01 10:00:40,87.55067964087536,90
2024-01-01 10:00:45,87.02732261255387,37
2024-01-01 10:00:50,87.34452121649032,17
2024-01-01 10:00:55,87.30982346297641,17
2024-01-01 10:01:00,87.65341843335587,72
2024-01-01 10:01:05,88.1412882687337,39
2024-01-01 10:01:10,88.77333653953215,84
2024-01-01 10:01:15,88.05230353314374,35
2024-01-01 10:01:20,88.69073838907093,29
2024-01-01 10:01:25,88.3347544872884,61
2024-01-01 10:01:30,87.55871308193079,4
2024-01-01 10:01:35,88.14469600846347,2
2024-01-01 10:01:40,87.51872938727057,71
2024-01-01 10:01:45,87.19400362553385,48
2024-01-01 10:01:50,87.45887344331422,73
2024-01-01 10:01:55,86.96098538106195,4
2024-01-01 10:02:00,87.15824033791107,19
2024-01-01 10:02:05,87.29306382354672,77
2024-01-01 10:02:10,87.99026040570672,54
2024-01-01 10:02:15,88.75709961005018,80
2024-01-01 10:02:20,89.01047257168943,43
2024-01-01 10:02:25,89.11183866325734,30
2024-01-01 10:02:30,88.47233467229259,42
2024-01-01 10:02:35,88.14828118858034,36
2024-01-01 10:02:40,88.91358650010261,69
2024-01-01 10:02:45,88.2363360821122,82
2024-01-01 10:02:50,87.9703160697561,29
2024-01-01 10:02:55,88.128234705161,78
2024-01-01 10:03:00,87.83052523832262,8
2024-01-01 10:03:05,88.68260916335088,74
2024-01-01 10:03:10,88.54280781241508,89
2024-01-01 10:03:15,88.61902358779481,63
2024-01-01 10:03:20,88.43432408094591,94
2024-01-01 10:03:25,88.77534825192981,3
2024-01-01 10:03:30,88.79533021210187,27
2024-01-01 10:03:35,88.66997867825012,40
2024-01-01 10:03:40,88.96396009258109,70
2024-01-01 10:03:45,88.81343524805739,86
2024-01-01 10:03:50,89.10807302030923,81
2024-01-01 10:03:55,89.72694238149005,32
2024-01-01 10:04:00,89.74044695311228,76
2024-01-01 10:04:05,89.315589672718,73
2024-01-01 10:04:10,89.26549094751269,26
2024-01-01 10:04:15,90.09669890179312,1
2024-01-01 10:04:20,89.20109951198889,4
2024-01-01 10:04:25,89.13921286867199,88
2024-01-01 10:04:30,88.25144231328895,21
2024-01-01 10:04:35,87.50363012672115,44
2024-01-01 10:04:40,87.08359566933548,87
2024-01-01 10:04:45,86.78086876802395,49
2024-01-01 10:04:50,87.59337205935269,99
2024-01-01 10:04:55,87.71715549215872,30
2024-01-01 10:05:00,88.00956904781935,74
2024-01-01 10:05:05,88.62374167482088,94
2024-01-01 10:05:10,88.39703142291197,78
2024-01-01 10:05:15,88.745156103811,17
2024-01-01 10:05:20,88.88482738351622,41
2024-01-01 10:05:25,88.14853666149732,28
2024-01-01 10:05:30,88.37763161468098,68
2024-01-01 10:05:35,87.79245046886969,24
2024-01-01 10:05:40,88.52411700368481,21
2024-01-01 10:05:45,88.2197823329782,26
2024-01-01 10:05:50,88.66694353464683,8
2024-01-01 10:05:55,88.57753035022677,24
2024-01-01 10:06:00,87.83393725443963,69
2024-01-01 10:06:05,86.98173364963174,87
2024-01-01 10:06:10,87.41656838227867,66
2024-01-01 10:06:15,87.38023337976631,21
2024-01-01 10:06:20,87.38740545151127,63
2024-01-01 10:06:25,87.80797452702133,42
2024-01-01 10:06:30,87.70664161856398,57
2024-01-01 10:06:35,88.13922664360494,36
2024-01-01 10:06:40,87.9691608282568,8
2024-01-01 10:06:45,88.27538785895757,54
2024-01-01 10:06:50,88.70111901036708,21
2024-01-01 10:06:55,88.3720234921783,68
2024-01-01 10:07:00,88.57812140952194,34
2024-01-01 10:07:05,88.94480804469563,35
2024-01-01 10:07:10,89.42363718514426,3
2024-01-01 10:07:15,89.59928145682174,30
2024-01-01 10:07:20,89.64094153255154,94
2024-01-01 10:07:25,88.92368550136551,36
2024-01-01 10:07:30,89.4300163030698,1
2024-01-01 10:07:35,88.80277702645043,24
2024-01-01 10:07:40,88.71914653186433,12
2024-01-01 10:07:45,88.30143740302391,54
2024-01-01 10:07:50,87.47848885197311,59
2024-01-01 10:07:55,87.92699975545051,7
2024-01-01 10:08:00,87.52420135933347,16
2024-01-01 10:08:05,88.17875636701802,20
2024-01-01 10:08:10,87.4811678949473,25
2024-01-01 10:08:15,86.65424448914763,84
2024-01-01 10:08:20,86.71599419253523,45
2024-01-01 10:08:25,86.12636420709616,25
2024-01-01 10:08:30,86.6449803118076,54
2024-01-01 10:08:35,86.07742612650902,13
2024-01-01 10:08:40,86.08156246369572,24
2024-01-01 10:08:45,86.29218019255704,26
2024-01-01 10:08:50,85.46915721166538,74
2024-01-01 10:08:55,85.49467562671767,33
2024-01-01 10:09:00,85.05547611146494,45
2024-01-01 10:09:05,84.72134352762852,35
2024-01-01 10:09:10,84.43508960793233,32
2024-01-01 10:09:15,84.4945497083152,10
2024-01-01 10:09:20,85.0080703949532,55
2024-01-01 10:09:25,84.32753114889123,93
2024-01-01 10:09:30,84.86525312785307,9
2024-01-01 10:09:35,84.69953307166018,77
2024-01-01 10:09:40,85.20044552228138,12
2024-01-01 10:09:45,85.38842219533394,27
2024-01-01 10:09:50,84.81045264413704,22
2024-01-01 10:09:55,85.1197853843139,19
2024-01-01 10:10:00,84.31983880909551,83
2024-01-01 10:10:05,83.74421301383605,62
2024-01-01 10:10:10,83.6111168898629,88
2024-01-01 10:10:15,84.39709924098155,44
2024-01-01 10:10:20,83.8232445897624,19
2024-01-01 10:10:25,84.51350533928027,81
2024-01-01 10:10:30,84.07873108369246,94
2024-01-01 10:10:35,84.88900456679215,2
2024-01-01 10:10:40,85.34532113992836,97
2024-01-01 10:10:45,85.42387519252252,20
2024-01-01 10:10:50,85.0080544186886,52
2024-01-01 10:10:55,85.76719196550593,80
2024-01-01 10:11:00,86.56854015922954,35
2024-01-01 10:11:05,86.88371097109982,59
2024-01-01 10:11:10,87.51004777793882,61
2024-01-01 10:11:15,86.87992391245368,41
2024-01-01 10:11:20,86.31297008451429,30
2024-01-01 10:11:25,85.50460624629629,73
2024-01-01 10:11:30,86.22875799397738,1
2024-01-01 10:11:35,86.59958986671681,6
2024-01-01 10:11:40,86.22841219170975,35
2024-01-01 10:11:45,86.62100328504219,45
2024-01-01 10:11:50,86.90305734693167,49
2024-01-01 10:11:55,87.45219817295565,75
2024-01-01 10:12:00,86.85729727512425,72
2024-01-01 10:12:05,87.36632351812939,1
2024-01-01 10:12:10,87.22564560128784,1
2024-01-01 10:12:15,86.7584672458707,99
2024-01-01 10:12:20,87.19802711256456,30
2024-01-01 10:12:25,86.49681929228456,24
2024-01-01 10:12:30,87.22373137315174,69
2024-01-01 10:12:35,86.62558965868261,44
2024-01-01 10:12:40,87.00722101760662,19
2024-01-01 10:12:45,86.90813603590561,8
2024-01-01 10:12:50,86.28111333374298,32
2024-01-01 10:12:55,86.76819227707757,11
2024-01-01 10:13:00,86.28238186679278,68
2024-01-01 10:13:05,85.98261063385948,24
2024-01-01 10:13:10,86.15116612708138,28
2024-01-01 10:13:15,86.58353894132914,48
2024-01-01 10:13:20,87.4212747883267,65
2024-01-01 10:13:25,87.38805484686262,27
2024-01-01 10:13:30,87.62145427226586,86
2024-01-01 10:13:35,87.18448616408517,90
2024-01-01 10:13:40,87.03562145189208,76
2024-01-01 10:13:45,87.11163608165921,4
2024-01-01 10:13:50,87.75710242233288,39
2024-01-01 10:13:55,87.85593210325038,33
2024-01-01 10:14:00,88.03345405141796,39
2024-01-01 10:14:05,87.76955039230346,72
2024-01-01 10:14:10,87.94162953055063,77
2024-01-01 10:14:15,87.41971160304153,82
2024-01-01 10:14:20,87.06743456713394,7
2024-01-01 10:14:25,86.95665925250164,66
2024-01-01 10:14:30,86.94079705881298,45
2024-01-01 10:14:35,86.65874745526932,82
2024-01-01 10:14:40,86.8088109882006,29
2024-01-01 10:14:45,86.23580101329055,7
2024-01-01 10:14:50,86.24178651606726,74
2024-01-01 10:14:55,85.86743873240503,49
2024-01-01 10:15:00,85.4860917172345,48
2024-01-01 10:15:05,85.10033629845533,44
2024-01-01 10:15:10,85.09536457074498,60
2024-01-01 10:15:15,85.11680820115394,10
2024-01-01 10:15:20,84.58965895034973,89
2024-01-01 10:15:25,84.01982758370224,73
2024-01-01 10:15:30,83.24119857045295,57
2024-01-01 10:15:35,82.94425750439987,98
2024-01-01 10:15:40,83.6918742112674,98
2024-01-01 10:15:45,84.50681850655147,64
2024-01-01 10:15:50,84.23641122087199,71
2024-01-01 10:15:55,84.69574433095107,35
2024-01-01 10:16:00,85.15896337259653,8
2024-01-01 10:16:05,85.50743118648752,90
2024-01-01 10:16:10,85.48399850662666,67
2024-01-01 10:16:15,85.44609849801242,47
2024-01-01 10:16:20,85.88329290413128,71
2024-01-01 10:16:25,85.19732335644552,59
2024-01-01 10:16:30,84.81475057317967,69
2024-01-01 10:16:35,84.67613109867791,51
2024-01-01 10:16:40,85.19383823841538,69
2024-01-01 10:16:45,85.21216240560113,49
2024-01-01 10:16:50,85.94768767699787,45
2024-01-01 10:16:55,85.76627643155513,44
2024-01-01 10:17:00,86.45447878934172,22
2024-01-01 10:17:05,86.1129891069431,58
2024-01-01 10:17:10,85.3464741378914,46
2024-01-01 10:17:15,85.66868418520077,81
2024-01-01 10:17:20,84.98412421697934,55
2024-01-01 10:17:25,85.52137094095812,25
2024-01-01 10:17:30,84.82632082850539,92
2024-01-01 10:17:35,84.43440688827864,71
2024-01-01 10:17:40,84.9530106456527,41
2024-01-01 10:17:45,84.4049517123545,1
2024-01-01 10:17:50,84.2183317998542,29
2024-01-01 10:17:55,84.52256719663177,17
2024-01-01 10:18:00,84.09138549903804,51
2024-01-01 10:18:05,84.29247731362297,35
2024-01-01 10:18:10,83.95088226598976,72
2024-01-01 10:18:15,84.57867846865905,39
2024-01-01 10:18:20,84.95968957455857,4
2024-01-01 10:18:25,85.10946366401701,37
2024-01-01 10:18:30,85.6204063622746,3
2024-01-01 10:18:35,84.77264662663079,34
2024-01-01 10:18:40,84.60068565913959,31
2024-01-01 10:18:45,84.55586078884305,0
2024-01-01 10:18:50,84.88278072626765,4
2024-01-01 10:18:55,85.3325835739536,46
2024-01-01 10:19:00,84.5747190486778,53
2024-01-01 10:19:05,83.90819933339947,82
2024-01-01 10:19:10,83.89467289475228,90
2024-01-01 10:19:15,83.40477995711514,72
2024-01-01 10:19:20,83.89798022606658,69
2024-01-01 10:19:25,83.50235274561145,45
2024-01-01 10:19:30,84.01688251925667,16
2024-01-01 10:19:35,84.55593275718479,90
2024-01-01 10:19:40,84.58507153957181,63
2024-01-01 10:19:45,84.36083564152301,6
2024-01-01 10:19:50,84.40800777255751,26
2024-01-01 10:19:55,83.97803232078567,25
2024-01-01 10:20:00,84.32431646063523,51
2024-01-01 10:20:05,84.34867024864043,21
2024-01-01 10:20:10,84.69993469463165,80
2024-01-01 10:20:15,85.06459435124073,0
2024-01-01 10:20:20,85.67440859282127,59
2024-01-01 10:20:25,85.60056712854602,16
2024-01-01 10:20:30,85.26463584935262,31
2024-01-01 10:20:35,85.79279950334173,27
2024-01-01 10:20:40,85.01531967720096,8
2024-01-01 10:20:45,84.48301270478139,30
2024-01-01 10:20:50,84.99003165655016,65
2024-01-01 10:20:55,85.12413507814595,37
2024-01-01 10:21:00,85.39263497416832,18
2024-01-01 10:21:05,85.22531076626686,78
2024-01-01 10:21:10,84.72058619958541,82
2024-01-01 10:21:15,85.189207940851,49
2024-01-01 10:21:20,84.91608694078617,81
2024-01-01 10:21:25,84.08072820681069,78
2024-01-01 10:21:30,84.42198055281582,94
2024-01-01 10:21:35,83.98408871503105,71
2024-01-01 10:21:40,84.4801854912863,57
2024-01-01 10:21:45,83.81335006228004,59
2024-01-01 10:21:50,83.14450794592184,23
2024-01-01 10:21:55,83.07767226271517,36
2024-01-01 10:22:00,82.68218220060191,74
2024-01-01 10:22:05,83.50365587105375,53
2024-01-01 10:22:10,83.13134958912276,46
2024-01-01 10:22:15,82.66317856118866,43
2024-01-01 10:22:20,82.8818054902025,1
2024-01-01 10:22:25,82.41340509981808,87
2024-01-01 10:22:30,81.64716453332221,66
2024-01-01 10:22:35,81.98540868202333,58
2024-01-01 10:22:40,81.81136686729354,33
2024-01-01 10:22:45,81.84626942139006,26
2024-01-01 10:22:50,81.27306141784302,33
2024-01-01 10:22:55,82.00667476313465,46
2024-01-01 10:23:00,81.33471162941537,34
2024-01-01 10:23:05,81.85161924061275,18
2024-01-01 10:23:10,81.81442961798825,44
2024-01-01 10:23:15,82.40713787934794,59
2024-01-01 10:23:20,82.80502488042974,73
2024-01-01 10:23:25,82.41141954132186,88
2024-01-01 10:23:30,81.985361657643,32
2024-01-01 10:23:35,82.08217777187694,92
2024-01-01 10:23:40,82.83842847731654,74
2024-01-01 10:23:45,82.94551701289917,58
2024-01-01 10:23:50,83.07293514539346,79
2024-01-01 10:23:55,82.74311416364289,36
2024-01-01 10:24:00,82.93927281079696,87
2024-01-01 10:24:05,83.23022907449943,16
2024-01-01 10:24:10,82.79685721827862,16
2024-01-01 10:24:15,82.34072767250784,1
2024-01-01 10:24:20,83.0707683557485,96
2024-01-01 10:24:25,83.50897832714563,81
2024-01-01 10:24:30,83.84539698408602,66
2024-01-01 10:24:35,83.3451778329828,34
2024-01-01 10:24:40,83.68284840496933,33
2024-01-01 10:24:45,83.51447067898651,74
2024-01-01 10:24:50,83.70796846219908,76
2024-01-01 10:24:55,83.29095112260113,80
2024-01-01 10:25:00,83.01927394851438,47
2024-01-01 10:25:05,82.20233267455444,64
2024-01-01 10:25:10,81.9524855708563,71
2024-01-01 10:25:15,81.62641296268038,74
2024-01-01 10:25:20,82.27625797907004,59
2024-01-01 10:25:25,82.10760612803216,32
2024-01-01 10:25:30,82.64685748709533,83
2024-01-01 10:25:35,82.66102885332946,95
2024-01-01 10:25:40,82.5283456700471,94
2024-01-01 10:25:45,82.97585034334257,88
2024-01-01 10:25:50,82.76726309121807,85
2024-01-01 10:25:55,83.31542428999782,34
2024-01-01 10:26:00,83.11977246991432,10
2024-01-01 10:26:05,83.47594017194031,99
2024-01-01 10:26:10,83.03221906771448,80
2024-01-01 10:26:15,83.7345625343257,9
2024-01-01 10:26:20,83.2232107868692,99
2024-01-01 10:26:25,82.4576818854812,7
2024-01-01 10:26:30,82.18655752677074,46
2024-01-01 10:26:35,82.24856348804315,43
2024-01-01 10:26:40,81.97126374060832,97
2024-01-01 10:26:45,82.20954968480007,22
2024-01-01 10:26:50,81.91478968442145,67
2024-01-01 10:26:55,81.49519086741589,67
2024-01-01 10:27:00,82.18660683327455,23
2024-01-01 10:27:05,82.7769546084141,2
2024-01-01 10:27:10,82.86133292047091,70
2024-01-01 10:27:15,83.42784610440067,29
2024-01-01 10:27:20,84.21421875437582,91
2024-01-01 10:27:25,84.30107431494696,16
2024-01-01 10:27:30,84.12950883648242,0
2024-01-01 10:27:35,83.97618758187197,22
2024-01-01 10:27:40,83.67884460823484,44
2024-01-01 10:27:45,83.50740974643685,29
2024-01-01 10:27:50,83.32711184542502,91
2024-01-01 10:27:55,83.77358950513671,77
2024-01-01 10:28:00,83.79371124151777,3
2024-01-01 10:28:05,84.24553501483324,80
2024-01-01 10:28:10,83.79446597032934,8
2024-01-01 10:28:15,83.522138569437,80
2024-01-01 10:28:20,84.32259468863533,68
2024-01-01 10:28:25,84.78503175077005,16
2024-01-01 10:28:30,85.30976971312832,27
2024-01-01 10:28:35,86.06041087810341,53
2024-01-01 10:28:40,86.31723986163074,40
2024-01-01 10:28:45,86.56807577002704,28
2024-01-01 10:28:50,86.67324370448696,53
2024-01-01 10:28:55,87.17613348059359,43
2024-01-01 10:29:00,87.63841117187707,68
2024-01-01 10:29:05,88.33978966967344,83
2024-01-01 10:29:10,88.36274043686497,59
2024-01-01 10:29:15,88.6059051636539,35
2024-01-01 10:29:20,89.08243976160799,81
2024-01-01 10:29:25,88.39466080042052,82
2024-01-01 10:29:30,87.541819123069,2
2024-01-01 10:29:35,88.30279501709973,13
2024-01-01 10:29:40,88.16984954102041,50
2024-01-01 10:29:45,87.59685053407422,96
2024-01-01 10:29:50,88.03354975320993,34
2024-01-01 10:29:55,87.40774607626717,17
2024-01-01 10:30:00,88.06798008634706,75
2024-01-01 10:30:05,88.0999778732987,32
2024-01-01 10:30:10,87.6507886370142,83
2024-01-01 10:30:15,87.47521914935369,2
2024-01-01 10:30:20,87.53934395363568,33
2024-01-01 10:30:25,87.19831801141166,52
2024-01-01 10:30:30,87.60636610532646,13
2024-01-01 10:30:35,86.95054589041821,78
2024-01-01 10:30:40,86.40885199958727,83
2024-01-01 10:30:45,86.0600757023167,18
2024-01-01 10:30:50,85.24026288741325,31
2024-01-01 10:30:55,84.61768886070291,42
2024-01-01 10:31:00,85.22920254087293,38
2024-01-01 10:31:05,85.26811535878863,92
2024-01-01 10:31:10,85.40161912228093,25
2024-01-01 10:31:15,85.30911284877948,6
2024-01-01 10:31:20,84.48150639021995,6
2024-01-01 10:31:25,85.08839400046519,89
2024-01-01 10:31:30,85.36364512046015,10
2024-01-01 10:31:35,84.97488389672695,36
2024-01-01 10:31:40,84.44206616718695,40
2024-01-01 10:31:45,85.05830543996326,70
2024-01-01 10:31:50,85.65406327529874,13
2024-01-01 10:31:55,84.86959404675696,32
2024-01-01 10:32:00,84.09757200256637,59
2024-01-01 10:32:05,84.20453575030338,15
2024-01-01 10:32:10,84.14856725547556,30
2024-01-01 10:32:15,84.40616239952,55
2024-01-01 10:32:20,83.65822240434657,64
2024-01-01 10:32:25,84.0836374080605,79
2024-01-01 10:32:30,84.83824750798843,36
2024-01-01 10:32:35,84.13294962098747,22
2024-01-01 10:32:40,84.50352615118145,75
2024-01-01 10:32:45,85.2246098412884,66
2024-01-01 10:32:50,84.54685468253781,77
2024-01-01 10:32:55,85.31035661705586,46
2024-01-01 10:33:00,85.61350425789568,36
2024-01-01 10:33:05,85.02962825653441,73
2024-01-01 10:33:10,84.87044835741881,19
2024-01-01 10:33:15,85.14957726680764,69
2024-01-01 10:33:20,84.57324515535244,0
2024-01-01 10:33:25,84.73939305966357,63
2024-01-01 10:33:30,85.42507402972937,47
2024-01-01 10:33:35,85.34811464857076,7
2024-01-01 10:33:40,85.74096671105461,73
2024-01-01 10:33:45,85.95512589342215,1
2024-01-01 10:33:50,85.1360515387249,47
2024-01-01 10:33:55,84.65521887055473,90
2024-01-01 10:34:00,85.16170586498261,18
2024-01-01 10:34:05,84.55000141945747,42
2024-01-01 10:34:10,84.72095107873139,23
2024-01-01 10:34:15,84.43857437452195,29
2024-01-01 10:34:20,84.82512546091093,38
2024-01-01 10:34:25,85.1883688418943,10
2024-01-01 10:34:30,85.05790794025958,35
2024-01-01 10:34:35,84.81439680505792,15
2024-01-01 10:34:40,85.5983160726201,3
2024-01-01 10:34:45,85.97751466896553,50
2024-01-01 10:34:50,86.39902925923127,57
2024-01-01 10:34:55,85.66451755418882,23
2024-01-01 10:35:00,86.30314019498938,22
2024-01-01 10:35:05,87.05296984281925,96
2024-01-01 10:35:10,87.69844493342131,96
2024-01-01 10:35:15,87.99159049407834,15
2024-01-01 10:35:20,88.19707808568202,1
2024-01-01 10:35:25,88.50586828653533,38
2024-01-01 10:35:30,88.95949712978846,89
2024-01-01 10:35:35,89.25643166001248,40
2024-01-01 10:35:40,89.89833994073447,2
2024-01-01 10:35:45,90.38780845786532,81
2024-01-01 10:35:50,90.54315310369782,46
2024-01-01 10:35:55,90.7715051060001,79
2024-01-01 10:36:00,91.03597455893299,85
2024-01-01 10:36:05,90.44921506569324,46
2024-01-01 10:36:10,91.00869344348365,51
2024-01-01 10:36:15,90.94903439568526,60
2024-01-01 10:36:20,91.75507559393962,19
2024-01-01 10:36:25,91.11527245639016,58
2024-01-01 10:36:30,91.88896456426157,5
2024-01-01 10:36:35,91.55348752851407,53
2024-01-01 10:36:40,92.36649052803749,18
2024-01-01 10:36:45,91.85029813120077,95
2024-01-01 10:36:50,92.45591229551952,38
2024-01-01 10:36:55,92.80400350802034,38
2024-01-01 10:37:00,92.83723089495305,79
2024-01-01 10:37:05,93.631794790706,29
2024-01-01 10:37:10,92.72324185950905,55
2024-01-01 10:37:15,93.63861802018609,83
2024-01-01 10:37:20,93.68838964521615,41
2024-01-01 10:37:25,93.61548219344716,42
2024-01-01 10:37:30,93.29861538781843,32
2024-01-01 10:37:35,92.91560278726027,65
2024-01-01 10:37:40,92.26798533039457,59
2024-01-01 10:37:45,92.89747877028454,59
2024-01-01 10:37:50,92.0699949311178,34
2024-01-01 10:37:55,91.53437490791855,62
2024-01-01 10:38:00,91.83635006340938,60
2024-01-01 10:38:05,91.86765046815091,24
2024-01-01 10:38:10,91.46224407571955,14
2024-01-01 10:38:15,90.85879869441754,39
2024-01-01 10:38:20,91.32831593407283,3
2024-01-01 10:38:25,90.89839856167121,95
2024-01-01 10:38:30,91.19630189381152,7
2024-01-01 10:38:35,91.3971346069174,35
2024-01-01 10:38:40,90.79437564161995,84
2024-01-01 10:38:45,91.69815346801946,33
2024-01-01 10:38:50,90.89980166330972,84
2024-01-01 10:38:55,90.69909703063367,38
2024-01-01 10:39:00,90.16356447097223,91
2024-01-01 10:39:05,90.57356652650435,33
2024-01-01 10:39:10,90.86936207731162,49
2024-01-01 10:39:15,91.01014223061566,37
2024-01-01 10:39:20,91.74951363203762,43
2024-01-01 10:39:25,91.51834140738852,0
2024-01-01 10:39:30,91.80373921885449,33
2024-01-01 10:39:35,91.84725042320353,38
2024-01-01 10:39:40,91.7247731005133,72
2024-01-01 10:39:45,91.06446078188564,94
2024-01-01 10:39:50,91.24462990551514,57
2024-01-01 10:39:55,90.64984678705946,88
2024-01-01 10:40:00,91.14020387202419,4
2024-01-01 10:40:05,91.4340221993113,1
2024-01-01 10:40:10,91.22953498191832,76
2024-01-01 10:40:15,91.77773023874427,49
2024-01-01 10:40:20,91.23208033912017,26
2024-01-01 10:40:25,90.40679655344002,57
2024-01-01 10:40:30,91.28236734217188,73
2024-01-01 10:40:35,91.91801611774211,30
2024-01-01 10:40:40,92.34013008681899,25
2024-01-01 10:40:45,92.42753231162553,20
2024-01-01 10:40:50,91.65948028988984,74
2024-01-01 10:40:55,91.14372007544013,46
2024-01-01 10:41:00,91.7226385880769,4
2024-01-01 10:41:05,92.05980496083541,63
2024-01-01 10:41:10,91.60741644865895,86
2024-01-01 10:41:15,92.32858076159086,34
2024-01-01 10:41:20,92.07836620299791,88
2024-01-01 10:41:25,92.73241969220143,52
2024-01-01 10:41:30,93.31001566187756,11
2024-01-01 10:41:35,92.83396823903178,5
2024-01-01 10:41:40,92.92585858873454,96
2024-01-01 10:41:45,93.64363046727097,51
2024-01-01 10:41:50,93.11382555071309,8
2024-01-01 10:41:55,93.49156078446774,98
2024-01-01 10:42:00,93.60379979168472,32
2024-01-01 10:42:05,93.47757702616981,58
2024-01-01 10:42:10,92.81839009390889,93
2024-01-01 10:42:15,93.23350610266492,97
2024-01-01 10:42:20,94.02362157967676,27
2024-01-01 10:42:25,94.41107091659276,93
2024-01-01 10:42:30,94.86205179709889,71
2024-01-01 10:42:35,94.03541703344665,52
2024-01-01 10:42:40,93.71123595008066,37
2024-01-01 10:42:45,93.35766958721493,44
2024-01-01 10:42:50,93.51227093137686,14
2024-01-01 10:42:55,94.10149490469595,37
2024-01-01 10:43:00,93.9443097948279,36
2024-01-01 10:43:05,93.70787518112427,43
2024-01-01 10:43:10,93.69326830100565,71
2024-01-01 10:43:15,93.41633376891699,81
2024-01-01 10:43:20,92.79282809928097,15
2024-01-01 10:43:25,92.95455396851352,34
2024-01-01 10:43:30,92.9476254726793,65
2024-01-01 10:43:35,93.81721275938675,19
2024-01-01 10:43:40,93.94782804578728,34
2024-01-01 10:43:45,94.3133057231089,54
2024-01-01 10:43:50,94.97274893664867,70
2024-01-01 10:43:55,95.59739974672256,43
2024-01-01 10:44:00,94.835594984346,50
2024-01-01 10:44:05,94.51555527874024,12
2024-01-01 10:44:10,95.26647329199065,85
2024-01-01 10:44:15,95.90722972527237,40
2024-01-01 10:44:20,96.83093577302172,12
2024-01-01 10:44:25,95.90727909714336,65
2024-01-01 10:44:30,95.7762792681946,66
2024-01-01 10:44:35,96.69083106624247,87
2024-01-01 10:44:40,97.63313979914943,28
2024-01-01 10:44:45,97.13373303903795,10
2024-01-01 10:44:50,96.8761872980426,13
2024-01-01 10:44:55,96.6955537322375,7
2024-01-01 10:45:00,97.30636974830789,58
2024-01-01 10:45:05,96.81539440481959,96
2024-01-01 10:45:10,96.5281695629693,39
2024-01-01 10:45:15,96.59082497633352,32
2024-01-01 10:45:20,96.656019998557,80
2024-01-01 10:45:25,96.95080460260431,88
2024-01-01 10:45:30,97.0106311555178,12
2024-01-01 10:45:35,96.09462511703042,81
2024-01-01 10:45:40,96.25650318303659,74
2024-01-01 10:45:45,96.60329183924506,85
2024-01-01 10:45:50,96.30180950511115,62
2024-01-01 10:45:55,95.67239634916125,56
2024-01-01 10:46:00,96.43108070803497,61
2024-01-01 10:46:05,95.96783453206068,38
2024-01-01 10:46:10,95.5196876028133,11
2024-01-01 10:46:15,95.59324116843989,50
2024-01-01 10:46:20,95.17856168170984,55
2024-01-01 10:46:25,94.4452523686708,58
2024-01-01 10:46:30,95.35559018778505,48
2024-01-01 10:46:35,96.26310663500601,68
2024-01-01 10:46:40,95.96414756922856,17
2024-01-01 10:46:45,96.88757916420586,4
2024-01-01 10:46:50,96.77282891342296,4
2024-01-01 10:46:55,97.44193573326618,50
2024-01-01 10:47:00,97.22588288286694,7
2024-01-01 10:47:05,97.85024503716556,53
2024-01-01 10:47:10,98.71614250853176,93
2024-01-01 10:47:15,98.38557053708722,81
2024-01-01 10:47:20,97.63269454236831,71
2024-01-01 10:47:25,97.59591994152775,22
2024-01-01 10:47:30,97.17172379893978,21
2024-01-01 10:47:35,98.01607950601502,83
2024-01-01 10:47:40,98.6298093758689,31
2024-01-01 10:47:45,99.20328062179262,28
2024-01-01 10:47:50,98.52089561944743,85
2024-01-01 10:47:55,99.04078590843775,90
2024-01-01 10:48:00,99.7214215192451,18
2024-01-01 10:48:05,99.57897339410644,64
2024-01-01 10:48:10,98.7852284200272,23
2024-01-01 10:48:15,99.06124590086971,78
2024-01-01 10:48:20,99.24815511551637,15
2024-01-01 10:48:25,98.46384675252358,88
2024-01-01 10:48:30,99.38186545298572,21
2024-01-01 10:48:35,98.83635544205617,87
2024-01-01 10:48:40,99.72855509934803,97
2024-01-01 10:48:45,99.17711748531303,9
2024-01-01 10:48:50,99.42284486659155,27
2024-01-01 10:48:55,98.94483027231335,64
2024-01-01 10:49:00,99.88117165203386,69
2024-01-01 10:49:05,99.15857034265727,73
2024-01-01 10:49:10,98.53987234816371,49
2024-01-01 10:49:15,98.12892000122409,69
2024-01-01 10:49:20,98.59393485199907,92
2024-01-01 10:49:25,98.0352462169793,91
2024-01-01 10:49:30,98.13277247685515,54
2024-01-01 10:49:35,98.12261708132313,64
2024-01-01 10:49:40,97.92665494986194,88
2024-01-01 10:49:45,97.62904264726801,62
2024-01-01 10:49:50,97.12034021385196,14
2024-01-01 10:49:55,96.84055704092594,3
2024-01-01 10:50:00,96.25827760990369,52
2024-01-01 10:50:05,95.90215242336404,56
2024-01-01 10:50:10,95.69420331939992,75
2024-01-01 10:50:15,95.94118136622988,16
2024-01-01 10:50:20,95.31537255558774,76
2024-01-01 10:50:25,95.1349927474412,90
2024-01-01 10:50:30,94.22838492889295,73
2024-01-01 10:50:35,94.22484768202541,13
2024-01-01 10:50:40,93.60004948431676,27
2024-01-01 10:50:45,93.23793974054746,62
2024-01-01 10:50:50,92.54812103094103,6
2024-01-01 10:50:55,92.38669637166164,16
2024-01-01 10:51:00,92.42856709233301,16
2024-01-01 10:51:05,91.59331854555622,57
2024-01-01 10:51:10,91.75556091712994,16
2024-01-01 10:51:15,91.40655344016018,93
2024-01-01 10:51:20,91.65968406621741,24
2024-01-01 10:51:25,92.23551024678804,20
2024-01-01 10:51:30,91.3423696303438,81
2024-01-01 10:51:35,90.71046855539599,34
2024-01-01 10:51:40,89.91634220952902,92
2024-01-01 10:51:45,89.32754899189563,59
2024-01-01 10:51:50,88.4403232704889,58
2024-01-01 10:51:55,89.13320080233093,79
2024-01-01 10:52:00,88.35388875504182,21
2024-01-01 10:52:05,88.1076018743952,90
2024-01-01 10:52:10,87.2510863100536,10
2024-01-01 10:52:15,86.93848381537595,88
2024-01-01 10:52:20,87.45925745310713,43
2024-01-01 10:52:25,86.95987127317974,65
2024-01-01 10:52:30,87.27633423041101,7
2024-01-01 10:52:35,87.64069017338446,14
2024-01-01 10:52:40,88.37881758156323,60
2024-01-01 10:52:45,87.61638664202943,55
2024-01-01 10:52:50,87.56798345201773,95
2024-01-01 10:52:55,87.72127860323958,81
2024-01-01 10:53:00,87.07770103815932,25
2024-01-01 10:53:05,87.44132557950797,21
2024-01-01 10:53:10,86.64314560509538,49
2024-01-01 10:53:15,87.17873307064305,56
2024-01-01 10:53:20,86.51368848236764,23
2024-01-01 10:53:25,86.79356734157317,96
2024-01-01 10:53:30,86.46894535091346,26
2024-01-01 10:53:35,86.33173291538426,67
2024-01-01 10:53:40,85.50025710296052,60
2024-01-01 10:53:45,85.57078432159138,66
2024-01-01 10:53:50,85.31090100813829,7
2024-01-01 10:53:55,84.69042230483463,88
2024-01-01 10:54:00,85.20306417639195,0
2024-01-01 10:54:05,85.12555220807043,15
2024-01-01 10:54:10,85.2460945962169,68
2024-01-01 10:54:15,84.7240054571177,5
2024-01-01 10:54:20,85.46504188567695,98
2024-01-01 10:54:25,86.25614284278593,64
2024-01-01 10:54:30,86.75535943849285,91
2024-01-01 10:54:35,86.46173401238362,43
2024-01-01 10:54:40,86.96664080200917,57
2024-01-01 10:54:45,86.231689210538,98
2024-01-01 10:54:50,86.56299235284465,71
2024-01-01 10:54:55,85.89166627009065,58
2024-01-01 10:55:00,85.21652271909014,69
2024-01-01 10:55:05,85.2922733018104,37
2024-01-01 10:55:10,85.89840184641398,74
2024-01-01 10:55:15,85.51038749681237,31
2024-01-01 10:55:20,84.86134241323307,41
2024-01-01 10:55:25,84.97702040764754,61
2024-01-01 10:55:30,85.76226100865888,17
2024-01-01 10:55:35,85.48196767042782,8
2024-01-01 10:55:40,86.1238359972222,79
2024-01-01 10:55:45,85.38825326078484,23
2024-01-01 10:55:50,85.38265109012254,88
2024-01-01 10:55:55,85.04968546310569,45
2024-01-01 10:56:00,85.05401228709266,97
2024-01-01 10:56:05,84.22720145442517,94
2024-01-01 10:56:10,84.0096058577934,41
2024-01-01 10:56:15,83.68829026245541,84
2024-01-01 10:56:20,83.27970099404668,1
2024-01-01 10:56:25,82.5246999905723,30
2024-01-01 10:56:30,82.05052936342985,65
2024-01-01 10:56:35,82.64649765495038,96
2024-01-01 10:56:40,81.94233333769704,89
2024-01-01 10:56:45,82.1239707421162,76
2024-01-01 10:56:50,81.45804349732335,12
2024-01-01 10:56:55,81.97791366726209,65
2024-01-01 10:57:00,81.97759896102318,50
2024-01-01 10:57:05,81.51652939249811,66
2024-01-01 10:57:10,80.96043287152631,63
2024-01-01 10:57:15,80.71790360490692,2
2024-01-01 10:57:20,80.87763551433059,63
2024-01-01 10:57:25,80.30185039582408,88
2024-01-01 10:57:30,80.5630153012315,39
2024-01-01 10:57:35,80.85699742376389,61
2024-01-01 10:57:40,80.29905920764875,38
2024-01-01 10:57:45,79.61795581325258,16
2024-01-01 10:57:50,80.3318191516334,80
2024-01-01 10:57:55,79.59818143210383,41
2024-01-01 10:58:00,79.66385371617021,21
2024-01-01 10:58:05,80.00530543091241,70
2024-01-01 10:58:10,79.52112316498571,56
2024-01-01 10:58:15,80.07574756364777,41
2024-01-01 10:58:20,79.85979484580152,22
2024-01-01 10:58:25,79.74951633464016,47
2024-01-01 10:58:30,80.34114286892364,27
2024-01-01 10:58:35,80.85275297890625,40
2024-01-01 10:58:40,80.42330349993667,96
2024-01-01 10:58:45,81.14868882704206,68
2024-01-01 10:58:50,81.49599136871664,45
2024-01-01 10:58:55,81.07330069677963,6
2024-01-01 10:59:00,81.77538137323457,93
2024-01-01 10:59:05,81.60145487944042,53
2024-01-01 10:59:10,80.87183064803305,63
2024-01-01 10:59:15,80.4187312447093,48
2024-01-01 10:59:20,81.03557674389202,85
2024-01-01 10:59:25,81.27040331912075,33
2024-01-01 10:59:30,80.53453353807771,5
2024-01-01 10:59:35,80.91006254720462,53
2024-01-01 10:59:40,80.22393147870724,55
2024-01-01 10:59:45,80.56190227358748,67
2024-01-01 10:59:50,80.34926788800827,96
2024-01-01 10:59:55,80.24904893500225,91
2024-01-01 11:00:00,79.5059430106701,54
2024-01-01 11:00:05,79.01847595311071,92
2024-01-01 11:00:10,78.93019724411069,73
2024-01-01 11:00:15,78.54188166156975,34
2024-01-01 11:00:20,78.62543925427495,36
2024-01-01 11:00:25,78.0814505068789,76
2024-01-01 11:00:30,78.27842487465917,46
2024-01-01 11:00:35,78.55897471026523,1
2024-01-01 11:00:40,77.79698285553079,44
2024-01-01 11:00:45,77.64661936041851,75
2024-01-01 11:00:50,77.17313570469132,31
2024-01-01 11:00:55,77.666118354035,61
2024-01-01 11:01:00,78.33105879854651,24
2024-01-01 11:01:05,78.6581009946889,19
2024-01-01 11:01:10,79.09141880286215,63
2024-01-01 11:01:15,78.7543792685065,6
2024-01-01 11:01:20,78.06648171736542,10
2024-01-01 11:01:25,77.4614095804331,83
2024-01-01 11:01:30,76.89499642584438,40
2024-01-01 11:01:35,76.71712168372702,0
2024-01-01 11:01:40,76.22351639427272,74
2024-01-01 11:01:45,75.566997652448,73
2024-01-01 11:01:50,76.13421506876384,67
2024-01-01 11:01:55,76.2829150475239,10
2024-01-01 11:02:00,76.25650725872683,4
2024-01-01 11:02:05,76.81725966861464,76
2024-01-01 11:02:10,76.67086524412692,37
2024-01-01 11:02:15,76.48525039846007,89
2024-01-01 11:02:20,76.24548614167179,37
2024-01-01 11:02:25,75.70657685730062,2
2024-01-01 11:02:30,75.97254225224731,63
2024-01-01 11:02:35,76.12918790181533,61
2024-01-01 11:02:40,75.71134634234569,12
2024-01-01 11:02:45,76.22285156773687,43
2024-01-01 11:02:50,76.80752366339381,88
2024-01-01 11:02:55,76.9745235900984,55
2024-01-01 11:03:00,77.2056133316178,82
2024-01-01 11:03:05,77.51735059864954,81
2024-01-01 11:03:10,77.80487427136958,45
2024-01-01 11:03:15,77.33476664055149,75
2024-01-01 11:03:20,77.43576364082446,86
2024-01-01 11:03:25,77.7850333018183,68
2024-01-01 11:03:30,78.22419479726844,93
2024-01-01 11:03:35,78.65641972485835,51
2024-01-01 11:03:40,79.23355395068425,26
2024-01-01 11:03:45,79.80369223653464,4
2024-01-01 11:03:50,80.03792884742748,64
2024-01-01 11:03:55,80.59291422656742,40
2024-01-01 11:04:00,79.86581502222512,46
2024-01-01 11:04:05,79.64802555554446,16
2024-01-01 11:04:10,79.8804550179221,93
2024-01-01 11:04:15,79.82442706041628,83
2024-01-01 11:04:20,80.45822231607094,66
2024-01-01 11:04:25,80.59658146426793,76
2024-01-01 11:04:30,79.84532963105562,16
2024-01-01 11:04:35,79.95309779256266,28
2024-01-01 11:04:40,79.38506054546127,86
2024-01-01 11:04:45,79.14703580204474,21
2024-01-01 11:04:50,78.853087610816,63
2024-01-01 11:04:55,78.15758963745338,80
2024-01-01 11:05:00,77.490638951911,17
2024-01-01 11:05:05,76.96459627439901,39
2024-01-01 11:05:10,76.98881406196219,72
2024-01-01 11:05:15,77.3596606518957,1
2024-01-01 11:05:20,77.85828354642526,28
2024-01-01 11:05:25,78.61561626717949,87
2024-01-01 11:05:30,78.81853490019623,45
2024-01-01 11:05:35,78.78484422489733,60
2024-01-01 11:05:40,78.13433612362805,32
2024-01-01 11:05:45,77.44570786481607,95
2024-01-01 11:05:50,77.36964644130825,37
2024-01-01 11:05:55,77.7403447079425,55
2024-01-01 11:06:00,78.48591377515469,91
2024-01-01 11:06:05,78.9869296849864,75
2024-01-01 11:06:10,78.3174019798197,94
2024-01-01 11:06:15,78.59322729200983,33
2024-01-01 11:06:20,78.32123271852765,68
2024-01-01 11:06:25,78.24895212453579,39
2024-01-01 11:06:30,78.02167499859483,30
2024-01-01 11:06:35,77.3168732831335,33
2024-01-01 11:06:40,77.34275089185756,68
2024-01-01 11:06:45,77.80246089801562,85
2024-01-01 11:06:50,77.74986455588346,60
2024-01-01 11:06:55,78.14835812598155,5
2024-01-01 11:07:00,78.23246243692559,35
2024-01-01 11:07:05,78.5845759422887,20
2024-01-01 11:07:10,78.81278216147287,18
2024-01-01 11:07:15,78.43885989235369,69
2024-01-01 11:07:20,78.3098620877743,83
2024-01-01 11:07:25,78.5592340893492,26
2024-01-01 11:07:30,77.9305203754613,39
2024-01-01 11:07:35,78.48682353443122,22
2024-01-01 11:07:40,78.43102733858656,60
2024-01-01 11:07:45,78.28499502949279,76
2024-01-01 11:07:50,77.78732543295018,73
2024-01-01 11:07:55,77.27714577076655,75
2024-01-01 11:08:00,78.03816474652804,93
2024-01-01 11:08:05,77.52906579332891,40
2024-01-01 11:08:10,76.98233100752374,32
2024-01-01 11:08:15,76.27208283269259,15
2024-01-01 11:08:20,75.62651830001103,20
2024-01-01 11:08:25,75.5995033408155,12
2024-01-01 11:08:30,75.48230047822149,5
2024-01-01 11:08:35,75.65077296067209,12
2024-01-01 11:08:40,76.01421285473565,55
2024-01-01 11:08:45,76.05285146834852,60
2024-01-01 11:08:50,76.20965060261499,17
2024-01-01 11:08:55,76.47709840247104,30
2024-01-01 11:09:00,76.23389281618093,71
2024-01-01 11:09:05,76.86229592467653,40
2024-01-01 11:09:10,76.25545615100326,88
2024-01-01 11:09:15,76.34828221491875,57
2024-01-01 11:09:20,76.16472739919607,94
2024-01-01 11:09:25,76.3717678418387,95
2024-01-01 11:09:30,76.65822250041613,32
2024-01-01 11:09:35,76.66293995058363,78
2024-01-01 11:09:40,76.1774887338935,61
2024-01-01 11:09:45,75.61554251193228,65
2024-01-01 11:09:50,75.86312536801145,16
2024-01-01 11:09:55,75.76141514812517,20
2024-01-01 11:10:00,76.11825416011497,39
2024-01-01 11:10:05,75.42418484594533,53
2024-01-01 11:10:10,76.0285993952297,14
2024-01-01 11:10:15,76.37451903620357,53
2024-01-01 11:10:20,76.43148296958519,50
2024-01-01 11:10:25,76.31863447976359,17
2024-01-01 11:10:30,76.67924254659847,35
2024-01-01 11:10:35,76.41976030775639,8
2024-01-01 11:10:40,76.81426806739697,23
2024-01-01 11:10:45,77.47651778333562,38
2024-01-01 11:10:50,77.78813965180873,90
2024-01-01 11:10:55,77.14339625921296,89
2024-01-01 11:11:00,77.46761549441817,85
2024-01-01 11:11:05,78.15898405154985,46
2024-01-01 11:11:10,78.22895536649034,10
2024-01-01 11:11:15,78.05427739781754,7
2024-01-01 11:11:20,77.49577929980362,48
2024-01-01 11:11:25,77.57035451208274,47
2024-01-01 11:11:30,77.95350250324351,53
2024-01-01 11:11:35,77.42680473911187,52
2024-01-01 11:11:40,77.25168137816311,40
2024-01-01 11:11:45,77.68851855411549,10
2024-01-01 11:11:50,78.06257282515477,22
2024-01-01 11:11:55,78.69565858966843,0
2024-01-01 11:12:00,78.70040401813895,55
2024-01-01 11:12:05,79.37412220574228,90
2024-01-01 11:12:10,78.68210519963003,62
2024-01-01 11:12:15,78.2379747412059,76
2024-01-01 11:12:20,78.78927750882568,26
2024-01-01 11:12:25,78.77307405552519,55
2024-01-01 11:12:30,79.31934469911448,75
2024-01-01 11:12:35,79.87453774703971,6
2024-01-01 11:12:40,80.06391592347238,52
2024-01-01 11:12:45,79.9536170378127,96
2024-01-01 11:12:50,80.08169479442815,35
2024-01-01 11:12:55,80.27015030110076,4
2024-01-01 11:13:00,79.64468235969758,8
2024-01-01 11:13:05,79.59397096914743,7
2024-01-01 11:13:10,79.6307705864619,43
2024-01-01 11:13:15,80.35611354939108,87
2024-01-01 11:13:20,81.01436355331104,54
2024-01-01 11:13:25,81.6247301220158,73
2024-01-01 11:13:30,81.49609339853389,47
2024-01-01 11:13:35,80.78390666638025,97
2024-01-01 11:13:40,80.73820146224621,46
2024-01-01 11:13:45,81.40534090477888,64
2024-01-01 11:13:50,81.96884673656248,16
2024-01-01 11:13:55,81.37730364081347,2
2024-01-01 11:14:00,81.05010327155047,84
2024-01-01 11:14:05,80.67513491050731,88
2024-01-01 11:14:10,80.98500298022648,25
2024-01-01 11:14:15,81.63725307336128,69
2024-01-01 11:14:20,81.9048918153004,48
2024-01-01 11:14:25,82.40383026214735,26
2024-01-01 11:14:30,82.1510699606804,6
2024-01-01 11:14:35,82.51959539708803,20
2024-01-01 11:14:40,82.89481175038986,12
2024-01-01 11:14:45,83.3933286881419,75
2024-01-01 11:14:50,83.85117585470314,15
2024-01-01 11:14:55,84.64151411444178,42
2024-01-01 11:15:00,84.9468094350833,6
2024-01-01 11:15:05,85.22470780350375,22
2024-01-01 11:15:10,84.40841090036783,34
2024-01-01 11:15:15,85.01814648633456,43
2024-01-01 11:15:20,85.01287765266369,50
2024-01-01 11:15:25,84.39997858023048,8
2024-01-01 11:15:30,83.66306197629754,63
2024-01-01 11:15:35,83.93468527924739,78
2024-01-01 11:15:40,83.32128523012959,0
2024-01-01 11:15:45,83.92604453973011,92
2024-01-01 11:15:50,83.28496861730922,81
2024-01-01 11:15:55,83.64853403188386,8
2024-01-01 11:16:00,84.23285077918744,99
2024-01-01 11:16:05,85.02443599804954,55
2024-01-01 11:16:10,85.5067207408849,34
2024-01-01 11:16:15,84.83435019552189,40
2024-01-01 11:16:20,85.44964877372507,57
2024-01-01 11:16:25,85.91368720928624,62
2024-01-01 11:16:30,86.67621413602834,96
2024-01-01 11:16:35,86.30750025860657,10
2024-01-01 11:16:40,86.96425017360426,84
2024-01-01 11:16:45,86.97012424054337,73
2024-01-01 11:16:50,87.27576278214758,5
2024-01-01 11:16:55,88.04751395108184,77
2024-01-01 11:17:00,87.61848745988928,74
2024-01-01 11:17:05,88.25219152332404,93
2024-01-01 11:17:10,88.98294579458165,59
2024-01-01 11:17:15,89.73769330840578,44
2024-01-01 11:17:20,90.63377768020231,96
2024-01-01 11:17:25,91.41727460655615,45
2024-01-01 11:17:30,92.22284068003131,33
2024-01-01 11:17:35,91.85039838962484,5
2024-01-01 11:17:40,91.27871172856239,61
2024-01-01 11:17:45,91.02489418565223,98
2024-01-01 11:17:50,91.53178833153669,78
2024-01-01 11:17:55,91.85864427988773,75
2024-01-01 11:18:00,92.5960796771185,24
2024-01-01 11:18:05,93.30990877543125,57
2024-01-01 11:18:10,93.91077565594381,93
2024-01-01 11:18:15,93.11425120550183,53
2024-01-01 11:18:20,92.38258943286388,38
2024-01-01 11:18:25,92.63459069011495,67
2024-01-01 11:18:30,93.3823860927636,89
2024-01-01 11:18:35,94.0779484722399,54
2024-01-01 11:18:40,93.50035834286497,9
2024-01-01 11:18:45,93.67317718842787,40
2024-01-01 11:18:50,93.14427940001272,46
2024-01-01 11:18:55,92.72268563701299,74
2024-01-01 11:19:00,91.81898515063867,38
2024-01-01 11:19:05,91.11741072936854,99
2024-01-01 11:19:10,91.35786384680759,53
2024-01-01 11:19:15,92.09305400014438,7
2024-01-01 11:19:20,92.73773759390428,71
2024-01-01 11:19:25,92.67494271133197,99
2024-01-01 11:19:30,92.06982748568049,71
2024-01-01 11:19:35,91.98159892783849,15
2024-01-01 11:19:40,91.97984638149526,75
2024-01-01 11:19:45,92.476188104179,23
2024-01-01 11:19:50,91.86075615211193,68
2024-01-01 11:19:55,91.14026800581014,90
2024-01-01 11:20:00,91.46772183688786,38
2024-01-01 11:20:05,91.02798605766641,89
2024-01-01 11:20:10,91.68456334967551,68
2024-01-01 11:20:15,92.52510831029632,85
2024-01-01 11:20:20,92.71076203920043,2
2024-01-01 11:20:25,92.0439542506346,61
2024-01-01 11:20:30,92.57164863150226,16
2024-01-01 11:20:35,92.07574014350625,61
2024-01-01 11:20:40,92.35364559619204,26
2024-01-01 11:20:45,92.38943915820495,58
2024-01-01 11:20:50,92.27044057625419,36
2024-01-01 11:20:55,92.74326122912035,4
2024-01-01 11:21:00,91.87711832328583,1
2024-01-01 11:21:05,92.71680281849642,25
2024-01-01 11:21:10,92.08158909040367,33
2024-01-01 11:21:15,92.3335594569131,26
2024-01-01 11:21:20,93.24883255140811,84
2024-01-01 11:21:25,92.91970450524958,43
2024-01-01 11:21:30,92.03850449294818,48
2024-01-01 11:21:35,91.28931314767638,27
2024-01-01 11:21:40,92.12848234394124,50
2024-01-01 11:21:45,92.41875439267422,44
2024-01-01 11:21:50,92.82881998989855,3
2024-01-01 11:21:55,92.8275615272842,98
2024-01-01 11:22:00,93.18628812376177,19
2024-01-01 11:22:05,93.99046147567186,51
2024-01-01 11:22:10,94.917681237355,94
2024-01-01 11:22:15,94.26693909781567,22
2024-01-01 11:22:20,93.546574053712,76
2024-01-01 11:22:25,93.30245998411537,87
2024-01-01 11:22:30,94.12075809352449,42
2024-01-01 11:22:35,94.27440904046169,98
2024-01-01 11:22:40,93.51288380264263,0
2024-01-01 11:22:45,94.11458874369512,23
2024-01-01 11:22:50,93.629071561527,36
2024-01-01 11:22:55,93.87762796012369,48
2024-01-01 11:23:00,94.58404591602516,0
2024-01-01 11:23:05,94.89018563274279,24
2024-01-01 11:23:10,93.99702032137236,56
2024-01-01 11:23:15,94.44990708102344,46
2024-01-01 11:23:20,94.50112983574185,24
2024-01-01 11:23:25,94.12662145228902,94
2024-01-01 11:23:30,94.81269464438061,39
2024-01-01 11:23:35,94.16081033797713,13
2024-01-01 11:23:40,95.079871442061,59
2024-01-01 11:23:45,95.36424346504346,62
2024-01-01 11:23:50,95.71266446161523,62
2024-01-01 11:23:55,95.4224444821441,31
2024-01-01 11:24:00,95.38437065281799,24
2024-01-01 11:24:05,94.95368588677944,18
2024-01-01 11:24:10,95.49740003773397,82
2024-01-01 11:24:15,96.40443162332909,32
2024-01-01 11:24:20,96.44084911375295,70
2024-01-01 11:24:25,96.15073252405024,78
2024-01-01 11:24:30,95.51637914471382,68
2024-01-01 11:24:35,94.82301564252047,74
2024-01-01 11:24:40,94.60170930993318,84
2024-01-01 11:24:45,94.07352932035721,89
2024-01-01 11:24:50,94.16188463914682,66
2024-01-01 11:24:55,95.09760400059217,84
2024-01-01 11:25:00,95.28778069058892,72
2024-01-01 11:25:05,95.4135942404472,89
2024-01-01 11:25:10,96.25165734458633,0
2024-01-01 11:25:15,95.84445714852936,37
2024-01-01 11:25:20,96.13713498010694,64
2024-01-01 11:25:25,95.86060150987348,20
2024-01-01 11:25:30,96.61046289368886,53
2024-01-01 11:25:35,96.94422582177378,68
2024-01-01 11:25:40,96.72682652734801,81
2024-01-01 11:25:45,97.3884044415206,21
2024-01-01 11:25:50,97.84773069313239,21
2024-01-01 11:25:55,97.58441231067059,29
2024-01-01 11:26:00,96.65926283575489,66
2024-01-01 11:26:05,96.92973893976375,85
2024-01-01 11:26:10,97.06876062594715,16
2024-01-01 11:26:15,97.83165323810941,84
2024-01-01 11:26:20,98.56530163466641,29
2024-01-01 11:26:25,98.69408258074411,33
2024-01-01 11:26:30,99.64241842097135,32
2024-01-01 11:26:35,100.35148333527944,75
2024-01-01 11:26:40,99.4109593222726,63
2024-01-01 11:26:45,98.5946097797475,97
2024-01-01 11:26:50,98.29580852985065,74
2024-01-01 11:26:55,98.99778663839186,67
2024-01-01 11:27:00,99.53675680000984,48
2024-01-01 11:27:05,100.17340405698825,34
2024-01-01 11:27:10,99.81026450931044,60
2024-01-01 11:27:15,99.03755203258713,49
2024-01-01 11:27:20,98.34694430005344,9
2024-01-01 11:27:25,99.20927580735341,46
2024-01-01 11:27:30,99.2333114079262,82
2024-01-01 11:27:35,98.69503957265381,7
2024-01-01 11:27:40,98.05831579308105,42
2024-01-01 11:27:45,97.49743151022028,23
2024-01-01 11:27:50,96.54188830614144,24
2024-01-01 11:27:55,97.28311094940473,75
2024-01-01 11:28:00,96.92956311740231,37
2024-01-01 11:28:05,97.38500226900697,10
2024-01-01 11:28:10,97.35836972729084,83
2024-01-01 11:28:15,97.47622478063126,93
2024-01-01 11:28:20,96.80139639443284,56
2024-01-01 11:28:25,97.3523740997126,55
2024-01-01 11:28:30,97.35557764394878,14
2024-01-01 11:28:35,96.92484065782305,5
2024-01-01 11:28:40,96.98217258701199,12
2024-01-01 11:28:45,96.8212796148335,2
2024-01-01 11:28:50,97.27192887787606,19
2024-01-01 11:28:55,96.80445463882809,26
2024-01-01 11:29:00,95.90275863909369,95
2024-01-01 11:29:05,95.19745054747634,80
2024-01-01 11:29:10,94.33402395061118,20
2024-01-01 11:29:15,93.44305758432017,4
2024-01-01 11:29:20,93.14176297099179,80
2024-01-01 11:29:25,92.4552157393369,27
2024-01-01 11:29:30,91.54656612094129,64
2024-01-01 11:29:35,91.53281557591168,61
2024-01-01 11:29:40,91.33449509463537,70
2024-01-01 11:29:45,91.42059429899803,63
2024-01-01 11:29:50,91.34304788464281,24
2024-01-01 11:29:55,91.28512208483527,48
2024-01-01 11:30:00,90.86856593692704,78
2024-01-01 11:30:05,91.48753978185879,17
2024-01-01 11:30:10,91.92690960927717,64
2024-01-01 11:30:15,91.40360163249001,66
2024-01-01 11:30:20,91.00057802210671,8
2024-01-01 11:30:25,91.21052554280668,1
2024-01-01 11:30:30,91.2862252267205,6
2024-01-01 11:30:35,90.86735529660355,95
2024-01-01 11:30:40,90.34588432352325,67
2024-01-01 11:30:45,89.96432431899224,18
2024-01-01 11:30:50,90.26963163673517,63
2024-01-01 11:30:55,90.55169982035449,24
2024-01-01 11:31:00,90.34909838298162,34
2024-01-01 11:31:05,89.81365611461645,92
2024-01-01 11:31:10,89.38204064152326,80
2024-01-01 11:31:15,89.05876885863039,58
2024-01-01 11:31:20,89.69415613613114,82
2024-01-01 11:31:25,90.35973410787328,18
2024-01-01 11:31:30,90.70930994551826,5
2024-01-01 11:31:35,89.82361284962673,6
2024-01-01 11:31:40,89.57236995059917,98
2024-01-01 11:31:45,90.32398133707815,81
2024-01-01 11:31:50,90.65554358332507,5
2024-01-01 11:31:55,90.83059469941117,92
2024-01-01 11:32:00,91.02525128885623,17
2024-01-01 11:32:05,91.41578853740026,93
2024-01-01 11:32:10,90.65467341249543,56
2024-01-01 11:32:15,90.27443166376052,44
2024-01-01 11:32:20,90.4715551404691,68
2024-01-01 11:32:25,90.38147378243974,65
2024-01-01 11:32:30,89.79084382828336,33
2024-01-01 11:32:35,89.67236499049532,54
2024-01-01 11:32:40,89.66710604393501,37
2024-01-01 11:32:45,90.5028681765185,60
2024-01-01 11:32:50,90.97313857010788,51
2024-01-01 11:32:55,90.74394259176395,43
2024-01-01 11:33:00,91.52488541378555,72
2024-01-01 11:33:05,92.08814159673805,80
2024-01-01 11:33:10,91.53904413305892,57
2024-01-01 11:33:15,91.71663270684624,16
2024-01-01 11:33:20,92.42563193972467,51
2024-01-01 11:33:25,93.3446054023417,92
2024-01-01 11:33:30,93.84571622874594,2
2024-01-01 11:33:35,93.20369641485199,16
2024-01-01 11:33:40,93.48403442243315,63
2024-01-01 11:33:45,94.29748330409903,17
2024-01-01 11:33:50,94.75497325838901,16
2024-01-01 11:33:55,95.29193468421003,78
2024-01-01 11:34:00,96.07545192576922,95
2024-01-01 11:34:05,96.9719291959583,20
2024-01-01 11:34:10,96.63308709183275,13
2024-01-01 11:34:15,96.74345474768579,5
2024-01-01 11:34:20,96.3201485388582,29
2024-01-01 11:34:25,95.52413803221887,6
2024-01-01 11:34:30,94.9341377968335,50
2024-01-01 11:34:35,94.16469826325421,55
2024-01-01 11:34:40,93.96870145440555,39
2024-01-01 11:34:45,94.00975381040728,56
2024-01-01 11:34:50,94.71016373744368,28
2024-01-01 11:34:55,94.2762187993097,5
2024-01-01 11:35:00,93.84998474887234,26
2024-01-01 11:35:05,94.49498304407221,90
2024-01-01 11:35:10,95.19652460132671,35
2024-01-01 11:35:15,95.96758908644551,7
2024-01-01 11:35:20,95.9348868680772,60
2024-01-01 11:35:25,95.52468457374357,55
2024-01-01 11:35:30,96.21357967888383,30
2024-01-01 11:35:35,96.86093398164181,77
2024-01-01 11:35:40,96.38671830504855,97
2024-01-01 11:35:45,95.83855787221172,63
2024-01-01 11:35:50,95.14858162033798,68
2024-01-01 11:35:55,95.23532115816319,57
2024-01-01 11:36:00,95.36703184539175,95
2024-01-01 11:36:05,95.44253170281667,74
2024-01-01 11:36:10,94.83100282380532,66
2024-01-01 11:36:15,94.01569993039898,81
2024-01-01 11:36:20,94.17496723189153,81
2024-01-01 11:36:25,93.41221853538995,6
2024-01-01 11:36:30,93.15915364059124,7
2024-01-01 11:36:35,93.10566090854702,82
2024-01-01 11:36:40,93.64546794744872,56
2024-01-01 11:36:45,92.90776091841248,47
2024-01-01 11:36:50,92.60048752932187,80
2024-01-01 11:36:55,92.2560003229377,73
2024-01-01 11:37:00,92.13174073281498,52
2024-01-01 11:37:05,92.04146804496307,91
2024-01-01 11:37:10,91.77755581166561,78
2024-01-01 11:37:15,92.33169800838053,9
2024-01-01 11:37:20,92.68386642837542,69
2024-01-01 11:37:25,93.3195705243108,3
2024-01-01 11:37:30,93.00922032480707,66
2024-01-01 11:37:35,92.58091011251416,2
2024-01-01 11:37:40,92.8335373611085,12
2024-01-01 11:37:45,93.43605154649651,76
2024-01-01 11:37:50,94.0031567078928,6
2024-01-01 11:37:55,93.55941366382082,62
2024-01-01 11:38:00,94.43966669565081,84
2024-01-01 11:38:05,95.04039964310005,96
2024-01-01 11:38:10,94.54772506480651,85
2024-01-01 11:38:15,94.72011354080031,21
2024-01-01 11:38:20,94.56102814345955,97
2024-01-01 11:38:25,94.57227980864974,26
2024-01-01 11:38:30,95.45063479132035,61
2024-01-01 11:38:35,95.54418466595317,53
2024-01-01 11:38:40,94.78595290558087,97
2024-01-01 11:38:45,95.62067595496222,49
2024-01-01 11:38:50,95.55035188439676,14
2024-01-01 11:38:55,95.76935542180246,69
2024-01-01 11:39:00,95.71306445268877,28
2024-01-01 11:39:05,95.00888034606254,4
2024-01-01 11:39:10,94.38557689123645,15
2024-01-01 11:39:15,94.23489015323482,30
2024-01-01 11:39:20,94.132158615272,84
2024-01-01 11:39:25,94.82095921049049,39
2024-01-01 11:39:30,95.49066090168922,39
2024-01-01 11:39:35,95.39336614985373,12
2024-01-01 11:39:40,95.26917833218762,55
2024-01-01 11:39:45,95.79440220848603,58
2024-01-01 11:39:50,96.41990121094905,75
2024-01-01 11:39:55,96.35313860101668,15
2024-01-01 11:40:00,96.65261912387327,6
2024-01-01 11:40:05,96.49704998896027,92
2024-01-01 11:40:10,97.0035605970996,33
2024-01-01 11:40:15,96.94548286556693,12
2024-01-01 11:40:20,97.21487226936387,29
2024-01-01 11:40:25,97.05553002064667,28
2024-01-01 11:40:30,96.29103514688902,20
2024-01-01 11:40:35,95.52566265319574,81
2024-01-01 11:40:40,95.27536715231875,30
2024-01-01 11:40:45,95.36628759496162,14
2024-01-01 11:40:50,95.1973179851147,46
2024-01-01 11:40:55,94.28544217635593,99
2024-01-01 11:41:00,94.00455377752341,22
2024-01-01 11:41:05,93.40218447794821,23
2024-01-01 11:41:10,93.26360367296819,71
2024-01-01 11:41:15,93.3473439648645,47
2024-01-01 11:41:20,92.59640380722824,70
2024-01-01 11:41:25,91.99612205402154,36
2024-01-01 11:41:30,91.7457386555721,81
2024-01-01 11:41:35,92.00985364191612,93
2024-01-01 11:41:40,91.15216623729756,40
2024-01-01 11:41:45,90.82725448001509,15
2024-01-01 11:41:50,90.39961059479258,95
2024-01-01 11:41:55,91.1464401004009,66
2024-01-01 11:42:00,91.00961827135114,71
2024-01-01 11:42:05,90.2848312914873,49
2024-01-01 11:42:10,89.44311542435074,34
2024-01-01 11:42:15,89.13582719677107,16
2024-01-01 11:42:20,88.27252939209906,54
2024-01-01 11:42:25,88.93089111280464,2
2024-01-01 11:42:30,89.52467181472691,31
2024-01-01 11:42:35,89.32643552557693,87
2024-01-01 11:42:40,89.5400747341272,18
2024-01-01 11:42:45,89.27843331049677,17
2024-01-01 11:42:50,89.2166620889694,69
2024-01-01 11:42:55,88.77924887319503,31
2024-01-01 11:43:00,88.03346948209399,95
2024-01-01 11:43:05,88.17230486366914,48
2024-01-01 11:43:10,88.58857551203818,42
2024-01-01 11:43:15,88.12696549539679,38
2024-01-01 11:43:20,88.87167636795924,2
2024-01-01 11:43:25,88.55981969246706,38
2024-01-01 11:43:30,88.941270507373,48
2024-01-01 11:43:35,89.32763169864715,6
2024-01-01 11:43:40,89.36575785397538,61
2024-01-01 11:43:45,90.2141065226971,83
2024-01-01 11:43:50,90.97304196627353,95
2024-01-01 11:43:55,90.73367661750427,5
2024-01-01 11:44:00,90.51470129893396,5
2024-01-01 11:44:05,90.58041672337382,59
2024-01-01 11:44:10,89.83575072805861,64
2024-01-01 11:44:15,90.63699994783242,42
2024-01-01 11:44:20,91.31333283768085,15
2024-01-01 11:44:25,92.20313099932152,57
2024-01-01 11:44:30,91.95465372595292,39
2024-01-01 11:44:35,92.35064222516458,22
2024-01-01 11:44:40,92.25749989394018,93
2024-01-01 11:44:45,91.91199415711193,31
2024-01-01 11:44:50,92.66836379471454,59
2024-01-01 11:44:55,92.46344384693843,62
2024-01-01 11:45:00,92.30635728068583,33
2024-01-01 11:45:05,92.23366989364185,48
2024-01-01 11:45:10,92.58948626475248,56
2024-01-01 11:45:15,92.63381893613544,78
2024-01-01 11:45:20,93.39686339320511,74
2024-01-01 11:45:25,94.14564435971963,70
2024-01-01 11:45:30,93.47082891916456,75
2024-01-01 11:45:35,93.28098783935869,30
2024-01-01 11:45:40,92.65970573695039,2
2024-01-01 11:45:45,92.35217855889968,7
2024-01-01 11:45:50,92.8126045509111,19
2024-01-01 11:45:55,93.04596498566207,96
2024-01-01 11:46:00,92.73933882664909,60
2024-01-01 11:46:05,92.48875985136219,99
2024-01-01 11:46:10,92.94979448038603,0
2024-01-01 11:46:15,92.97165660800641,27
2024-01-01 11:46:20,93.2480374235697,1
2024-01-01 11:46:25,92.39269422260543,19
2024-01-01 11:46:30,93.28481653059426,60
2024-01-01 11:46:35,92.67025067905492,12
